3544 5468
697 639 921 692 enorneonn
1325 631 1364 694 51

249 765 397 828 homiues
409 770 555 844 possunt.
573 763 622 826 td
637 763 701 825 boc
715 768 827 824 contra
839 762 1049 824 constitutum
1063 763 1206 828 animum
1219 772 1366 830 nostrum

249 881 402 944 credebat
422 888 459 944 ut
479 882 648 944 veritatem
675 879 917 957 adipisceretur.
942 879 1055 958 ltaque
1081 886 1117 942 ut
1142 881 1222 944 illud
1243 881 1366 946 bonum

249 1015 314 1077 quo
337 999 462 1062 nullum
483 999 587 1076 majus
611 1013 684 1060 esse
705 1000 815 1074 posset
837 995 1003 1073 discipulis
1026 996 1094 1058 suis
1111 997 1282 1077 tribueret,
1307 1017 1365 1064 eos

250 1133 324 1194 quae
338 1132 416 1178 vera
434 1121 543 1178 essent
562 1130 629 1176 non
648 1112 796 1187 docebat,
814 1111 873 1173 sed
889 1113 933 1173 ita
945 1111 1132 1176 instituebat
1145 1120 1181 1176 ut
1194 1115 1256 1194 ipsi
1269 1132 1364 1195 repe·
1385 1159 1391 1170 ·

250 1230 315 1292 rire
327 1231 482 1293 valerent.
498 1231 609 1292 Omnis
623 1230 708 1291 enim
721 1229 858 1305 animus,
874 1234 911 1289 ut
925 1227 995 1306 ipse
1014 1228 1128 1305 aiebat,
1144 1231 1302 1294 fecundus
1315 1240 1366 1296 est

249 1355 282 1410 et
304 1349 396 1428 quasi
417 1327 564 1414 veritatis*
580 1362 767 1428 praegnans3
783 1343 863 1405 nihil
884 1359 961 1422 ergo
984 1345 1070 1407 aliud
1092 1347 1244 1428 magister
1267 1364 1365 1428 quam
1423 1423 1428 1432 .

248 1465 454 1528 obstetricem
471 1463 655 1539 imitabitur,
672 1478 747 1540 quae
768 1476 937 1540 puerperae
956 1460 1084 1523 dolores
1102 1463 1218 1526 excitat
1238 1468 1270 1526 et
1287 1463 1365 1524 diri·

247 1582 303 1660 git,
318 1597 422 1661 eoque
435 1581 524 1643 illam
538 1580 667 1642 adducit
685 1585 731 1656 ut,
745 1576 832 1656 quod
846 1577 915 1656 ipsa
931 1578 966 1638 in
981 1593 1017 1639 se
1037 1579 1195 1657 genuerit,
1210 1579 1245 1642 in
1258 1580 1366 1656 lucem

246 1699 397 1779 proterat.
421 1698 474 1759 Sic
499 1697 681 1759 auditorum
703 1712 835 1757 suorum
859 1695 986 1774 ingenia
1007 1694 1191 1758 stimulabat
1216 1695 1366 1760 Socrates

245 1817 413 1894 longisque
432 1812 734 1893 interrogationibus
755 1811 939 1885 exercebat,
954 1810 1059 1874 donec
1076 1827 1115 1874 ea
1135 1820 1367 1892 expromerent

146 1933 152 1946 ’
247 1940 280 1994 et
293 1949 370 1994 vera
384 1948 457 1994 esse
470 1934 681 2010 agnoscerent
695 1945 768 2006 quae
782 1945 842 1990 sua
858 1945 952 1989 mens
969 1929 1160 2004 naturalem,
1176 1929 1210 1989 id
1230 1935 1279 1991 est
1295 1929 1364 1992 dia·

246 2050 417 2124 lecticum,
442 2048 588 2112 ordinem
612 2054 724 2108 secuta
749 2061 808 2123 per
833 2061 868 2106 se
896 2045 1041 2108 invenire
1070 2044 1236 2124 potuisset.
1260 2045 1367 2108 Animi

249 2167 336 2229 enim
358 2183 425 2228 non
447 2167 552 2228 solum
579 2163 682 2246 riras,
706 2163 764 2224 sed
787 2161 954 2224 audaciam
979 2178 1109 2242 quoque
1129 2170 1163 2224 et
1185 2163 1367 2226 libertatem

249 2300 367 2363 augere
377 2283 543 2358 debemus,
558 2279 679 2342 nedum
693 2295 768 2342 eum
780 2278 999 2356 obsequentiae
1013 2285 1046 2340 et
1060 2279 1206 2340 servituti
1220 2279 1365 2343 assueta-

249 2403 382 2463 ciamus.
394 2398 575 2460 Dialecticae
589 2397 685 2474 igitur
697 2396 864 2475 peritiores
872 2411 930 2458 eos
941 2395 1098 2456 alliciebat
1108 2394 1366 2480 (διαλεκτικωτέρους

246 2516 353 2598 ἐποίει),
369 2531 543 2594 veramque
556 2515 601 2575 ita
618 2513 785 2576 scientiam
803 2511 968 2591 discipulis
982 2495 1168 2578 conterebat
1181 2529 1280 2590 quam
1293 2530 1360 2576 non

245 2635 275 2696 is
287 2635 430 2714 possidet
443 2633 496 2696 cui
510 2634 573 2696 hoc
587 2632 639 2694 vel
654 2630 734 2692 illud
754 2630 837 2692 scire
851 2629 1017 2708 contingit,
1031 2629 1090 2692 sed
1109 2629 1138 2691 is
1156 2629 1212 2709 qui
1230 2630 1365 2693 acutiori

169 2761 172 2766 '
246 2758 280 2814 et
290 2752 419 2814 rectiori
431 2750 575 2830 ingenio,
591 2748 647 2828 qui
660 2746 834 2825 sapientior
846 2746 986 2824 ideoque
1002 2746 1115 2808 melior
1131 2753 1190 2810 est

285 2869 393 2942 Quum
405 2868 500 2947 igitur
513 2866 576 2930 illis
584 2865 706 2928 artibus
714 2870 860 2926 uteretur
871 2863 1034 2946 Socrates,
1046 2863 1201 2926 virtutem
1213 2881 1250 2928 se
1263 2882 1366 2928 unum

245 2985 382 3048 docere¹
398 2991 431 3047 et
445 2984 485 3046 de
495 2983 619 3047 civibus
632 2983 701 3046 suis
708 2980 829 3061 optime
838 2979 975 3043 merari²
987 2985 1021 3042 et
1030 2979 1091 3042 diis
1106 2982 1366 3060 acceptissimum

247 3120 320 3166 esse
333 3116 524 3182 persuasum
539 3099 688 3161 habebat.
703 3098 789 3160 Nihil
800 3097 887 3159 aliud
900 3113 937 3160 se
950 3104 1101 3160 acturum
1117 3113 1190 3162 esse
1203 3114 1311 3178 neque
1325 3100 1365 3162 ab

246 3221 375 3299 incepto
389 3217 593 3293 destitumm,
608 3216 636 3278 si
648 3216 713 3278 vita
725 3215 786 3276 sibi
799 3214 1046 3293 relinqueretur,
1059 3213 1270 3291 iureiurando
1287 3232 1366 3280 con·

245 3336 395 3410 firmabat
411 3335 440 3412 ⁸;
457 3339 490 3397 et
502 3334 655 3413 quoniam
672 3330 823 3393 omnibus
839 3330 1011 3394 virtutibus
1033 3331 1141 3396 ornari
1152 3331 1273 3394 liberos
1285 3349 1364 3397 suos

248 3455 352 3518 omnis
365 3459 457 3534 pater
469 3450 626 3530 percupit,
637 3448 771 3526 reperiri
783 3447 949 3519 hominem
962 3446 1135 3526 exoptabat
1153 3448 1210 3527 qui
1223 3448 1269 3512 ita
1280 3447 1366 3513 filios

247 3589 325 3635 suos
336 3569 529 3643 institueret,
544 3573 581 3630 ut
593 3567 664 3646 ipse
677 3572 804 3630 ceteros
818 3563 987 3627 erudiisset
999 3563 1025 3624 ⁴.

284 3687 338 3752 111.
360 3686 421 3750 Ubi
440 3701 517 3764 ergo
543 3683 585 3746 de
607 3682 684 3748 boui
707 3681 841 3750 amentia
860 3680 908 3744 ita
929 3680 1071 3757 censuit,
1089 3681 1180 3746 nullo
1202 3681 1299 3745 modo
1323 3680 1366 3744 ad

244 3805 329 3868 illius
355 3802 548 3866 sententiam
570 3799 732 3878 pertinere
757 3803 891 3877 apparet
912 3813 987 3876 quae
1009 3797 1051 3860 ad
1075 3813 1147 3860 eam
1167 3797 1364 3877 redarguan-

246 3924 321 3986 dam
339 3919 455 4000 objecit
472 3917 659 3982 Aristoteles
674 3932 683 3977 t
700 3915 987 3994 «Nonnunquam,
1006 3914 1123 3995 inquit,
1141 3915 1187 3978 ita
1206 3913 1365 3980 allicimur

279 4107 303 4158 1.
317 4106 402 4167 Puto,
418 4106 541 4170 Gorgiae,
555 4104 601 4156 521
618 4105 649 4157 d.
1410 4139 1412 4144 .

277 4177 301 4227 2.
317 4177 508 4239 Xeu.,d1em.,
522 4177 544 4239 Ι,
561 4188 591 4237 11,
606 4175 648 4228 64.
665 4178 752 4229 Ταῦτα
765 4176 792 4228 al
802 4174 916 4243 πράττων
932 4180 984 4232 πῶς
1001 4176 1030 4227 οὑ
1045 4173 1153 4240 μεγάλης
1169 4171 1235 4232 ἄξιος
1250 4162 1280 4236 ἦν
1291 4177 1364 4239 τιμῆς

246 4255 276 4312 τῇ
292 4250 376 4312 πόλις
392 4275 424 4286 -
440 4247 478 4299 ct.
493 4249 515 4308 Ι,
530 4260 569 4308 vr,
586 4249 631 4308 153
645 4249 679 4310 ll,
694 4263 715 4308 1,
730 4246 773 4307 19,
790 4247 833 4310 IV,
850 4258 871 4306 1,
886 4245 916 4306 23
934 4245 978 4306 lv,
995 4257 1023 4306 v,
1036 4245 1081 4296 to,

265 4309 305 4369 ’3.
321 4319 408 4383 Puro,
420 4318 555 4384 epota)
568 4334 595 4380 a,
611 4320 636 4370 o.
652 4320 742 4384 cora,
759 4317 804 4368 521
819 4319 847 4376 a,
862 4317 912 4368 sta
928 4329 954 4366 e.

276 4393 303 4442 d.
322 4391 407 4451 Plelo,
424 4390 515 4454 Apol„
530 4389 559 4439 il
574 4403 597 4440 a.
