3544 5468
728 1693 873 1766 CAPUT
902 1695 918 1765 l

662 1971 708 2018 DE
734 1971 815 2018 BONl
843 1969 982 2018 NATURA

261 2195 284 2246 l.
300 2195 399 2246 Errant
415 2196 463 2260 qui
483 2199 582 2260 putant
601 2209 635 2248 ca
656 2197 769 2248 demum
784 2195 858 2247 bona
873 2171 1016 2248 Socratem
1028 2197 1209 2261 judicavisse,
1224 2211 1288 2262 quae
1303 2200 1383 2252 utilia

291 2267 504 2402 exulan-uuirt
522 2267 629 2319 Βοιιιιιο
645 2267 777 2331 estquod
793 2279 828 2317 ex
842 2271 988 2320 naturane
1001 2267 1160 2319 conditione
1172 2273 1269 2319 nostra
1282 2267 1382 2322 dialeo

301 2564 326 2626 1.
344 2565 483 2639 onoma
506 2533 669 2646 areasque
691 2563 874 2627 hominibus
897 2580 1067 2645 perperam
1088 2564 1213 2628 oenum
1233 2565 1313 2628 eon
1328 2581 1379 2628 es-

263 2672 399 2749 sentiam
421 2686 544 2766 soepius
562 2684 712 2750 Socrates
731 2685 917 2759 ostenderit,
934 2685 1062 2764 qualem
1085 2685 1172 2747 illius
1192 2702 1264 2749 esse
1285 2693 1379 2749 natu-

262 2817 332 2863 ram
358 2800 428 2880 ipse
452 2802 611 2880 judicaret
631 2819 800 2880 nunquam
828 2799 945 2880 apertis
969 2801 1078 2863 verbis
1101 2801 1284 2865 declaravit.
1308 2803 1377 2866 Non

263 2917 394 2979 defuere
412 2917 507 2998 igitur
524 2918 608 2980 inter
628 2919 712 2982 illius
733 2918 875 2996 aequales
893 2913 949 2996 qui
967 2916 1046 2978 nihil
1068 2918 1189 2980 habere
1203 2936 1278 2981 eum
1293 2919 1380 2997 quod

244 3031 393 3096 'doceret
415 3033 714 3112 interpretarentur.
732 3057 747 3090 α
772 3034 913 3112 caterua
939 3034 1077 3112 aiebant,
1098 3035 1323 3115 interrogando
1341 3055 1380 3098 ac

262 3148 455 3213 confutando
470 3150 621 3214 continuo
636 3150 773 3213 derides.
789 3149 863 3230 lpse
878 3168 955 3213 vero
973 3158 1064 3214 tuam
1077 3150 1118 3212 de
1135 3152 1223 3212 nulla
1237 3169 1273 3214 re
1287 3169 1378 3214 men-

261 3272 328 3330 tem
342 3267 447 3346 aperis
462 3285 567 3346 neque
590 3285 630 3330 eo
654 3273 687 3329 te
708 3267 823 3330 adduci
846 3267 965 3346 pateris
989 3274 1025 3329 ut
1037 3267 1195 3346 opinionis
1209 3273 1274 3330 tuae
1299 3269 1379 3332 ratio

263 3383 427 3448 reddenda
440 3384 502 3461 sit3
518 3402 606 3447 nunc
629 3385 768 3446 maxime
789 3384 863 3446 luce
883 3383 1080 3445 manifestius
1099 3390 1149 3446 est
1172 3391 1205 3447 tc
1223 3385 1287 3447 hoc
1299 3386 1379 3448 effu-

263 3518 338 3581 gere
364 3501 448 3563 velle
470 3516 512 3563 ne
534 3499 613 3579 quid
633 3517 705 3562 esse
721 3501 844 3580 iustum
867 3517 1002 3562 censeas
1024 3499 1131 3562 dicere
1155 3505 1301 3580 oporteat
1314 3502 1336 3561 ¹.
1362 3527 1376 3558 ι

261 3617 352 3680 Illam
366 3617 556 3680 sententiam
571 3618 715 3680 nonnulli
730 3618 944 3679 recentiorum
960 3623 1250 3679 commentatorum
1263 3620 1379 3696 proba·

261 3740 378 3798 verunt
395 3734 583 3814 nullamque
599 3751 672 3796 esse
692 3735 888 3796 Socraticam
907 3734 948 3795 de
966 3740 1082 3795 natura
1099 3733 1176 3795 boni
1200 3734 1379 3796 doctrinam

261 3852 460 3931 scripserunt
473 3869 480 3914 :
493 3851 580 3931 qnod
590 3851 748 3931 quissatis
757 3850 982 3928 miraripossit‚
991 3867 1090 3928 quum
1098 3867 1156 3929 per
1164 3856 1265 3912 totam
1279 3851 1377 3914 vitam

262 3969 303 4032 dc
317 3969 405 4031 nulla
419 3984 455 4030 re
469 3966 529 4029 nisi
543 3965 584 4029 de
597 3967 636 4028 iis
650 3983 725 4046 quae
739 3964 780 4028 ad
793 3965 914 4028 bonum
930 3965 1110 4044 pertineant
1124 3966 1358 4112 ᾱίεμιιῑονοιίιῖ

292 4147 316 4199 1.
331 4145 471 4210 xenopho,
486 4144 642 4206 Memordbq
660 4145 702 4202 lv
717 4143 794 4205 Π,9,
810 4143 850 4194 11
869 4141 955 4206 ’Alli
970 4138 1191 4211 μαΔι,ἕφη,ὀυιι
1206 4137 1313 4220 ἆκουσῃ,
1325 4142 1381 4213 πρὶν

262 4219 290 4286 γ’
307 4220 336 4271 ἄν
356 4215 428 4276 αυτὸς
445 4213 558 4292 ἀποφήνῃ
579 4218 592 4270 ὅ
612 4238 634 4269 τι
655 4221 757 4284 νομίζεις
776 4237 804 4268 το
824 4216 956 4268 δίκαιον
935 4237 1003 4268 ειναι
1026 4213 1095 4284 ἆριιεῐ
1114 4215 1161 4282 γὰρ
1179 4215 1280 4267 ὅτιτῶν
1293 4203 1381 4268 ἄλλων

263 4287 423 4376 ιιαταγελᾷς’
413 4298 511 4375 ερωτῶν
527 4275 569 4354 μὲν
582 4295 624 4340 καὶ
638 4290 745 4355 ἐλέγχων
760 4289 861 4350 πάντας,
879 4308 952 4347 nuru<
971 4289 997 4340 δὲ
1012 4286 1090 4340 ουδενι
1105 4286 1203 4339 attunt
1193 4287 1293 4354 υπέχειν
1300 4289 1381 4374 λόγον

261 4358 318 4413 οὐδὲ
332 4364 432 4427 γνώμην
449 4357 624 4426 ἀποφαίνεσθαι
641 4381 730 4427 περι
685 4357 845 4418 efflanda...
862 4361 941 4424 Δῆλος
931 4359 978 4411 εἶ
989 4357 1023 4412 ἔτι
1038 4361 1080 4412 ιιαλ
1093 4367 1134 4411 νῦν
1148 4361 1284 4430 διαφεύγειν
1297 4353 1380 4425 ἔγχει-

260 4441 309 4506 φῶν
324 4453 352 4485 το
369 4429 558 4486 ἀποδείκνυσθαι
573 4436 673 4502 γνωμην
687 4432 700 4485 ὅ
716 4453 739 4485 τι
752 4434 891 4502 νομίζεις
869 4453 897 4484 το
913 4435 1015 4490 δίκαιον,
