3544 5468
394 775 434 838 58
824 784 874 836 nn
895 785 1077 836 PLATONIS

395 911 442 974 Ex
464 909 525 972 ista
545 923 621 986 erpo
641 905 747 970 tabule
769 921 844 984 qum
866 905 990 969 Socrui
1013 907 1171 968 sententie
1200 907 1294 971 luerit
1319 923 1513 990 cognoscere

396 1029 481 1094 lica

437 1145 511 1210 Tria
531 1150 608 1209 sunt
626 1153 703 1224 qum
719 1141 883 1206 hominem
902 1141 942 1204 ad
960 1142 1121 1221 egendum
1143 1144 1345 1224 impellenti.
1361 1144 1514 1221 Quadam

399 1261 486 1327 enixu
500 1261 650 1326 omnibus
662 1257 878 1322 animantibus
894 1257 1114 1338 Epimetheus,
1136 1261 1286 1341 quedam
1303 1263 1415 1343 paucis
1434 1277 1516 1343 prm·

400 1377 560 1442 stantibus
572 1376 649 1440 viris
662 1374 885 1452 Prometheus,
899 1373 1050 1454 quaedam
1064 1375 1213 1439 omnibus
1226 1377 1411 1441 hominibus
1426 1378 1514 1458 lupi·

399 1503 451 1560 ter
469 1495 542 1576 ipse
560 1495 694 1575 largitus
718 1497 779 1556 eet.
804 1491 924 1555 Omnes
948 1493 1100 1556 mortales
1127 1493 1233 1572 inopis
1260 1497 1400 1576 quodam
1428 1498 1519 1578 quasi

400 1612 514 1676 aculeo
525 1611 675 1692 instigat;
690 1609 749 1674 sed
761 1610 807 1672 ita
821 1614 927 1672 creata
941 1614 1051 1672 emera
1062 1609 1210 1674 animalis
1223 1617 1301 1674 sunt
1313 1618 1348 1675 ut
1362 1618 1395 1677 et
1408 1613 1517 1677 adver·

399 1743 458 1792 soe
468 1727 570 1792 multe
585 1727 728 1808 pericula
746 1732 862 1807 suapte
878 1732 993 1790 nature
1007 1725 1220 1792 detonduntur
1237 1735 1270 1793 et
1288 1731 1329 1794 ad
1341 1743 1380 1795 ec
1396 1731 1517 1810 agenda

401 1861 476 1926 qum
493 1845 608 1909 sibiad
621 1844 775 1909 tuendam
797 1844 895 1908 ritum
919 1844 1101 1908 necessaria
1120 1846 1184 1908 sint
1203 1847 1343 1928 ingenito
1365 1849 1517 1914 inednotu

401 1962 559 2026 seruaturi
570 1961 653 2026 Sunt
665 1961 700 2023 in
719 1960 813 2024 nohis
827 1974 960 2041 quoque
974 1960 1094 2024 similes
1107 1962 1258 2043 impetos,
1276 1966 1445 2045 pauciores
1466 1971 1516 2030 ia-

400 2093 478 2142 naon
497 2078 753 2158 infirmioresqne
765 2094 775 2154 ;
799 2076 857 2139 sed
875 2076 975 2139 multa
999 2088 1060 2140 usu
1083 2084 1117 2141 et
1138 2081 1332 2160 experientia
1354 2082 1518 2168 (ἕπεμηθείᾳ)

400 2195 566 2258 docemur.
583 2193 856 2272 Quotiescumque
877 2191 976 2272 igitur
995 2194 1180 2257 animalium
1200 2197 1276 2276 rito,
1300 2199 1389 2262 utilia
1411 2201 1518 2280 sequi

401 2324 486 2388 rnur,
501 2307 681 2389 Epimetbei
694 2307 787 2370 donis
801 2307 846 2368 uti
860 2306 1011 2370 diciorum
1023 2309 1065 2372 at
1084 2317 1186 2388 quum
1201 2312 1289 2374 nulla
1303 2313 1363 2376 alid
1376 2319 1518 2394 unquam·

401 2426 544 2506 pecudes
557 2430 720 2505 appetant,
736 2425 830 2504 longe
844 2424 906 2486 alia
920 2424 1044 2488 ratione
1057 2443 1118 2488 nos
1131 2444 1220 2506 saepe
1235 2429 1373 2508 sumus.
1384 2431 1519 2504 Quibus·

402 2544 477 2606 dam
491 2542 576 2604 anim
592 2539 809 2604 Prometheus
825 2539 914 2616 lavit,
928 2540 1066 2620 illosque
1082 2543 1214 2606 Vulcani
1234 2551 1268 2607 et
1285 2545 1437 2610 Miserum
1450 2565 1520 2610 mu·

402 2658 535 2722 neribus
552 2651 708 2721 ¹instruxit
731 2670 740 2720 τ
763 2657 859 2720 altius
881 2657 976 2736 igitur
999 2657 1061 2720 illie
1084 2665 1116 2721 et
1137 2659 1309 2724 fecundius
1325 2634 1411 2726 inest
1430 2665 1520 2744 inge·

402 2774 710 2849 bumilitatem
736 2773 936 2854 procuderam
957 2774 1002 2836 illi
1029 2775 1171 2855 ingentia
1197 2779 1330 2840 canalia
1355 2781 1520 2860 suscipere

402 2893 644 2975 prudenterque
665 2890 824 2970 perficere
851 2898 997 2970 queunt,
1023 2891 1068 2952 illi
1095 2891 1197 2955 duero
1221 2894 1431 2975 longinquum
1458 2897 1518 2960 sibi

433 3091 458 3141 i.
477 3091 538 3142 Non
557 3089 639 3141 nobis
657 3089 767 3141 videtur
781 3089 815 3141 A.
835 3085 955 3140 Fouillde
971 3093 1102 3153 quantem
1120 3087 1177 3140 vim
1196 3087 1312 3142 haberet
1324 3089 1371 3140 ille
1386 3089 1521 3154 apologus

402 3161 479 3214 recte
493 3158 598 3213 vidisse
612 3159 735 3225 quidone
749 3159 906 3224 praesertim
920 3163 997 3210 esset
1013 3151 1081 3210 illud
1095 3160 1199 3209 donum
1213 3161 1288 3222 quod
1305 3159 1433 3210 omnibus
1447 3171 1522 3211 rnor-

402 3234 508 3285 talibus
522 3246 539 3282 a
552 3232 620 3284 lore
634 3230 769 3282 tributum
782 3235 871 3290 esset„
886 3230 954 3282 dum
969 3230 1006 3280 ad·
1024 3229 1156 3280 rutatum
1172 3230 1311 3294 pertinere
1325 3243 1392 3292 quae
1405 3230 1442 3280 de
1457 3230 1521 3293 Epi·

402 3305 513 3355 metheo
534 3301 752 3364 Prometbsoque
768 3300 927 3350 dicerentur
947 3312 1091 3363 perperam
1113 3300 1310 3362 interpretatus
1327 3305 1371 3349 est
1386 3313 1393 3350 :
1410 3299 1522 3362 Epime-

403 3375 466 3426 thea
478 3373 646 3439 personnifie
657 3373 786 3439 1ἐυτυχιά,
797 3371 907 3436 produit
919 3371 1002 3421 d'une
1015 3371 1195 3421 distribution
1203 3371 1349 3421 arbitreire
1357 3371 1409 3421 des
1420 3371 1522 3422 choses

402 3459 439 3497 ou
456 3449 538 3499 d’une
552 3447 663 3511 opinion
679 3444 900 3514 imprevoyante3
917 3443 1080 3494 Promethea
1097 3443 1427 3512 personniilell’soopatta,
1442 3450 1522 3494 rertu

402 3517 438 3568 de
458 3518 630 3580 prevopanoe
648 3518 677 3565 et
695 3515 730 3564 de
749 3514 871 3574 soience,
888 3514 915 3564 la
934 3514 1012 3564 seule
1032 3513 1098 3564 sdre
1117 3518 1145 3563 et
1164 3513 1189 3562 la
1213 3513 1291 3564 seule
1308 3513 1434 3564 durabis.
1457 3513 1522 3578 Epi·

402 3589 513 3640 methea
530 3585 743 3653 (ἐπι-μηθεύομαι)
762 3598 797 3635 ne
817 3585 874 3634 voit
894 3599 949 3648 que
967 3585 1091 3634 l'instant
1108 3585 1220 3647 present
1236 3592 1263 3634 et
1281 3586 1351 3636 cede
1367 3584 1524 3648 touJ'ourssi

402 3673 458 3710 une
473 3663 548 3711 sorte
560 3657 750 3721 d'inspiretion
761 3657 951 3718 instantanee3
966 3655 1044 3706 aussi
1059 3655 1250 3706 distribuet-il
1263 3657 1307 3707 les
1319 3653 1524 3708 choses—tentet

400 3731 473 3792 bien,
490 3731 580 3781 taotdt
592 3729 658 3779 mal.
679 3727 844 3778 Promethea
860 3727 967 3790 prevoit
981 3726 1094 3776 revenit
1110 3732 1138 3776 ot
1153 3739 1189 3777 ne
1203 3739 1235 3777 se
1251 3731 1359 3790 trompe
1373 3726 1487 3792 jamais;
1503 3727 1524 3776 il

400 3809 445 3854 est
465 3805 491 3854 le
510 3800 643 3854 vemtsble
663 3805 761 3850 auteur
782 3800 817 3849 de
836 3813 870 3849 sa
889 3802 978 3848 verta.
996 3798 1017 3846 11
1034 3809 1069 3846 en
1090 3796 1181 3848 croire
1196 3798 1373 3860 Protagoras
1388 3797 1522 3859 iterante,

401 3876 465 3926 dieu
480 3875 518 3924 du
534 3871 644 3937 hasard,
662 3871 751 3920 aurait
765 3867 900 3920 distribue
918 3869 936 3917 d·
950 3873 1016 3918 tous
1030 3868 1184 3929 egelemerit
1198 3868 1226 3917 13
1239 3868 1355 3930 pudens,
1372 3867 1398 3916 le
1410 3868 1522 3931 justice,

402 3946 429 3995 13
442 3949 521 3994 verta
536 3941 676 4006 politione,
692 3952 800 3990 comme
818 3939 843 3988 si
858 3941 952 3988 toules
965 3951 1013 3988 ces
1027 3938 1128 3988 choses
1140 3937 1244 3987 etaient
1255 3937 1477 4000 independamus
1486 3939 1521 3989 de
1572 3987 1574 3996 ,

292 4033 293 4038 “
400 4015 428 4065 13
445 4016 564 4066 science.
577 4009 647 4062 Mais
661 4024 696 4062 en
709 4009 805 4060 real-ite
819 4021 853 4059 ce
868 4009 941 4059 n‘est
956 4008 983 4056 ni
998 4008 1025 4057 13
1038 4012 1145 4068 nature,
1161 4008 1192 4056 ni
1205 4007 1348 4067 l'inetiact
1363 4009 1410 4071 qui
1425 4019 1523 4072 engen·

402 4085 452 4136 dre
465 4086 507 4136 les
523 4088 633 4141 vertust
648 4082 716 4131 elles
734 4083 798 4130 sont
809 4079 925 4130 l'oeovre
937 4079 973 4128 de
989 4078 1197 4139 l'intelligence3
1214 4078 1284 4128 elles
1300 4085 1363 4128 serit
1377 4078 1522 4129 l’stincelle

401 4159 478 4209 raris
498 4169 534 4206 au
554 4155 631 4218 foyer
650 4155 685 4204 ds
705 4152 732 4202 13
748 4151 851 4215 penses
873 4151 969 4201 divine
988 4155 1016 4200 et
1036 4151 1103 4213 qu’il
1121 4150 1228 4213 depeod
1250 4150 1285 4200 de
1306 4163 1379 4200 nous
1400 4151 1436 4200 de
1456 4151 1522 4201 lsire

402 4229 505 4280 relnire
521 4241 556 4277 au
575 4225 640 4276 lond
661 4224 696 4274 de
714 4228 793 4273 notre
810 4223 879 4273 ame.
900 4221 939 4271 En
956 4226 1078 4282 uomet,
1096 4219 1257 4284 Epimethee
1278 4226 1322 4271 est
1339 4220 1471 4284 l'opiuion
1485 4235 1522 4272 ou

402 4297 546 4359 l’instinct‚
561 4294 724 4345 Promethea
743 4297 789 4342 est
807 4292 834 4342 13
854 4293 947 4342 raison
964 4297 992 4342 et
1010 4291 1039 4341 le
1051 4291 1172 4352 seleuce,
1190 4295 1219 4340 et
1236 4290 1350 4341 Socrate
1364 4290 1470 4354 prelere
1487 4293 1522 4342 de

401 4366 548 4431 beaucoup
560 4366 587 4416 le
601 4365 705 4416 second
718 4378 754 4414 au
768 4361 894 4427 premier.
908 4361 1072 4413 Prometheo
1087 4374 1187 4424 pourra
1199 4363 1346 4421 enseigoer
1361 4375 1417 4411 aun
1426 4369 1521 4414 autres
1600 4399 1603 4404 -

400 4451 434 4488 sa
449 4442 537 4496 remu,
550 4448 633 4498 perce
649 4434 714 4498 qu'il
728 4436 786 4484 s’en
799 4432 868 4483 rend
884 4436 1010 4496 compte;
1026 4431 1188 4496 Epimethee
1204 4445 1240 4484 ne
1254 4431 1280 4483 le
1296 4445 1397 4498 pourra
1409 4432 1520 4498 jamais.

281 4519 284 4525 '
396 4509 443 4577 (Α.
460 4504 776 4570 rouuree,1>auosoptac
790 4503 824 4556 da
838 4503 962 4567 Socrate,
974 4505 994 4554 t.
1008 4502 1032 4567 1,
1047 4517 1078 4568 ps
1094 4502 1173 4566 rita
