3544 5468
678 658 901 710 rnurauona
1306 639 1347 702 49

233 777 383 840 Socrates
405 778 535 856 judicat,
561 795 636 840 eum
658 796 735 841 vero
764 779 989 858 philosophum
1018 781 1106 837 recte
1128 777 1254 850 vocari,
1281 777 1347 852 qui,

233 911 334 972 quum
363 895 529 956 veritatem
562 895 704 975 reperire
730 895 865 956 summis
892 893 1012 955 viribus
1038 892 1158 954 nitatur
1183 891 1207 968 ¹,
1239 889 1351 969 procul

233 1026 362 1087 semper
380 1028 400 1070 a
418 1010 550 1071 scientia
570 1028 606 1072 se
623 1011 737 1072 abesse
755 1011 966 1085 confiteatur3
982 1015 1019 1070 ut
1037 1025 1113 1086 ergo
1134 1000 1351 1069 recentiorum

136 1189 139 1194 ,
235 1132 403 1187 auctorum
422 1126 522 1187 verba
543 1143 744 1203 usurpemus,
765 1126 1000 1206 philosophiam
1016 1143 1031 1183 c
1047 1142 1120 1187 esse
1137 1147 1152 1180 a
1169 1130 1202 1186 et
1220 1140 1290 1185 ase
1303 1129 1353 1184 te·

236 1242 305 1303 neri
319 1243 519 1321 Protagoras
539 1265 554 1301 u
570 1243 639 1305 fieri
655 1264 670 1299 r
688 1243 837 1306 Socrates
851 1243 1022 1304 arbitratur
1042 1259 1149 1320 neque
1163 1242 1265 1303 ullum
1280 1257 1354 1303 esse

238 1361 294 1439 qui
309 1363 444 1422 multum
457 1362 490 1422 in
506 1379 544 1423 ea
557 1379 593 1422 se
606 1361 781 1441 profecisse
795 1362 908 1422 merito
924 1361 1057 1423 dictitet.

280 1478 442 1540 Praeterea
459 1479 521 1540 hoc
540 1478 683 1540 scientiae
702 1478 801 1539 verbo
821 1478 900 1538 nihil
917 1477 1003 1539 aliud
1023 1478 1266 1556 intelligendum
1284 1495 1357 1540 esse

243 1612 339 1672 quam
354 1595 434 1657 recti
448 1596 544 1657 animi
558 1596 720 1658 solertiam
733 1595 950 1670 ostendimus;
964 1594 1004 1656 de
1017 1594 1072 1654 iila
1084 1595 1180 1672 igitur
1194 1595 1359 1657 nunidem

243 1712 364 1773 sentire
385 1711 541 1773 debemus
564 1729 602 1773 ac
625 1713 665 1773 de
688 1711 906 1790 corporalibus
928 1711 1036 1784 bouis,
1058 1729 1132 1788 quae
1157 1718 1188 1772 et
1210 1719 1360 1773 extranea

246 1834 321 1890 sunt
343 1835 375 1891 et
392 1828 433 1889 ab
451 1829 520 1889 aliis
538 1829 631 1890 nobis
652 1829 798 1907 praestari
819 1833 965 1907 possunt.
986 1828 1137 1889 intimum
1161 1835 1210 1889 est
1233 1837 1264 1891 et
1285 1846 1361 1891 vere

246 1947 411 2024 proprium
425 1947 488 2008 hoc
503 1947 636 2022 bonum,
653 1947 741 2025 quod
754 1947 815 2026 ipsi
835 1946 938 2017 nobis,
954 1946 1138 2008 meditando
1152 1952 1185 2008 et
1198 1947 1362 2025 ingenium

250 2065 444 2141 exercende,
466 2066 533 2125 soli
562 2081 734 2142 possumus
760 2065 952 2139 conciliare3
982 2081 1021 2125 ea
1046 2065 1115 2125 sola
1142 2064 1262 2126 scimus
1290 2082 1364 2144 quae

249 2188 357 2242 mente
386 2181 661 2259 comprehendere
686 2186 719 2241 et
741 2181 880 2259 quodam
908 2180 1003 2242 modo
1028 2180 1172 2242 invenire
1194 2182 1363 2243 valuimus.

251 2297 401 2376 Magistro
413 2315 491 2360 sane
505 2316 587 2376 opus
602 2305 660 2373 est,
669 2297 790 2375 sedqui
802 2314 863 2358 nos
877 2297 973 2358 ducat
988 2302 1021 2358 et
1033 2297 1154 2372 incitet,
1162 2314 1229 2359 nun
1237 2299 1292 2376 qui
1306 2315 1367 2359 nos

251 2415 377 2476 erudire
391 2421 424 2476 et
437 2413 608 2477 informare
629 2420 774 2475 conetur.
790 2413 875 2473 Talis
889 2413 1039 2491 magister
1063 2415 1183 2475 exstitit
1194 2415 1365 2476 'Socrates

290 2533 402 2611 Neque
417 2532 501 2593 enim
515 2531 618 2593 solum
633 2547 669 2592 se
683 2531 765 2592 nihii
775 2547 814 2592 ex
828 2531 894 2592 ullo
907 2547 1051 2608 unquam
1069 2531 1201 2593 homine
1220 2531 1369 2592 didicisse

252 2656 285 2711 et
297 2650 395 2710 totius
409 2666 478 2710 suae
489 2648 699 2727 philosophiae
711 2654 875 2709 auctorem
885 2663 958 2708 esse
972 2645 1125 2730 (αὐτουργὸν
1139 2651 1186 2720 τῆς
1202 2646 1368 2730 φιλοσοφίας)

179 2773 182 2778 “
252 2783 328 2827 vere
350 2765 560 2840 affirmabat²‚
580 2766 639 2826 sed
662 2782 734 2827 eam
757 2765 900 2844 omnium
927 2781 1132 2826 communem
1154 2766 1371 2826 conditionem

252 2901 324 2945 esse
338 2882 553 2945 contendebat
570 2900 577 2943 :
594 2883 683 2944 nulla
703 2899 779 2961 ergo
795 2883 828 2943 in
844 2898 880 2943 re
898 2881 1073 2960 discipulos
1086 2899 1163 2943 suos
1177 2881 1371 2944 erudiendus

253 2999 480 3077 suscipiebam.

292 3117 365 3178 Non
387 3124 495 3178 autem
518 3117 547 3176 is
568 3122 618 3177 est
637 3116 805 3178 hominum
828 3116 955 3177 animus
980 3132 1077 3194 quem
1098 3116 1208 3177 doceri
1229 3133 1311 3195 opus
1333 3121 1374 3181 sit

255 3234 375 3312 quique
398 3232 501 3293 aliena
524 3249 586 3310 ope
603 3231 758 3310 indigeat3
778 3247 884 3310 neque
907 3249 946 3293 ea
970 3233 1088 3293 veritas
1110 3249 1186 3310 quae
1207 3232 1252 3293 illi
1271 3235 1375 3297 aliena

254 3353 293 3412 sit
311 3370 318 3412 :
335 3351 376 3411 ad
394 3365 465 3411 eam
482 3349 739 3427 cognoscendam
757 3331 1060 3428 intelligendumque
1078 3355 1173 3410 natus
1188 3356 1220 3411 et
1239 3367 1373 3431 compc-

256 3469 336 3530 situs
357 3473 424 3542 est;
440 3466 504 3528 imo
523 3465 564 3527 ad
584 3483 656 3527 eam
676 3483 734 3527 suo
755 3474 844 3528 motu
862 3465 963 3527 fertur
980 3465 1022 3527 ad
1040 3482 1178 3544 eamque
1191 3469 1322 3546 propria
1344 3466 1378 3529 vi

215 3587 219 3594 '
255 3584 412 3666 pervenit,
427 3582 488 3644 uisi
502 3583 620 3661 aliquid
634 3583 769 3644 obsistat
783 3582 806 3642 ⁶.

287 3824 616 3888 1.ze11er,Put10soptte
636 3825 685 3875 der
706 3825 850 3888 Griechen,
868 3830 887 3874 t·
910 3825 944 3886 ΙΙ,
961 3839 987 3888 p.
1006 3822 1050 3874 101
1069 3822 1131 3887 (82).
1156 3823 1220 3887 (Fur
1242 3821 1307 3873 dem'
1330 3823 1365 3874 So

256 3897 360 3960 kretes)
372 3897 417 3947 die
430 3897 604 3961 Philosophie
615 3898 653 3947 ist
664 3903 722 3948 erst
734 3897 972 3960 philosophiscber
982 3895 1062 3946 ihieb
1074 3897 1131 3946 und
1142 3895 1381 3959 philosophische-

257 3970 394 4029 Methude,
415 3974 474 4019 erst
497 3971 542 4018 ein
563 3969 682 4028 Suchen,
704 3970 777 4020 noch
801 3970 878 4020 nicht
902 3969 948 4018 ein
971 3970 1065 4018 Besitz
1087 3970 1136 4018 der
1156 3967 1309 4017 Warheit...
1327 3969 1382 4018 Der

257 4040 371 4090 biensch
395 4041 449 4091 soll
469 4041 724 4091 wissenschaitlich
745 4040 803 4090 und
827 4040 932 4090 sittiich
955 4039 1076 4103 gebildet
1100 4039 1220 4097 werden,
1243 4037 1311 4088 uber
1330 4039 1381 4089 das

259 4111 347 4160 Mittel
363 4111 433 4161 duzu
448 4111 487 4160 ist
500 4111 590 4173 einzig
603 4111 661 4160 und
675 4112 757 4162 ailein
770 4111 817 4161 die
831 4111 1013 4161 Erkenntniss
1030 4111 1080 4160 der
1093 4108 1231 4160 Warheit.

289 4181 313 4229 2.
329 4181 407 4241 Κέω,
426 4181 544 4240 Οοηυὶυ.,
559 4182 580 4240 Ι,
598 4183 625 4232 5.

289 4252 313 4301 3.
329 4253 415 4313 Plato,
432 4253 528 4315 Apol„
540 4251 573 4301 33
586 4267 613 4300 a.
628 4249 677 4318 ἐγὼ
692 4254 840 4311 διδάσκαλος
855 4251 951 4311 οὐδενὸς
960 4249 1196 4318 πώποτ’ἐγενόμην.
1212 4278 1242 4287 -
1254 4250 1381 4316 Τ16ω11.,

258 4321 306 4372 150
322 4323 351 4370 d.
369 4322 439 4390 Hap'
453 4319 513 4388 ἐμοῦ
529 4323 598 4374 οῦδὲν
614 4327 716 4375 πώποτε
732 4325 854 4389 μαθόντες.
870 4352 901 4360 -
916 4323 961 4374 150
975 4337 998 4372 c.
1015 4323 1102 4388 ἄγονός
1120 4317 1167 4387 εἶμι
1186 4325 1283 4388 σοφίας.

290 4394 313 4446 t.
333 4393 418 4453 Plato,
434 4393 510 4456 Rem,
524 4393 579 4454 Vll,
593 4393 641 4443 518
654 4396 679 4456 b,
695 4410 718 4456 c,
734 4397 761 4443 d.
778 4394 826 4445 519
842 4411 867 4444 c.

1225 4485 1239 4539 1
