3544 5468
406 625 445 686 34
839 641 888 692 ΒΕ
909 641 1093 696 PLATONIS

446 755 536 820 Idem
549 755 627 821 illud
641 755 781 824 Cerlesio
795 756 900 836 placet
913 757 924 802 ¹
942 778 950 821 :
969 782 983 816 ι
999 758 1124 840 Quippe
1138 772 1237 838 quum
1250 756 1398 832 voluntas
1411 764 1522 824 noslre

404 890 470 937 non
485 871 715 970 determinetur
728 873 769 936 ed
783 873 906 954 aliquid
915 875 968 952 vel
981 875 1241 956 persequendum
1254 874 1307 940 vel
1320 875 1519 958 fugiendum,

403 992 465 1054 nisi
483 996 642 1072 quotenus
663 990 692 1054 ei
710 989 751 1054 ab
773 990 938 1056 intellectu
961 992 1129 1059 exhibetur
1147 996 1301 1072 tanquam
1324 992 1446 1058 bonum
1468 995 1520 1058 vel

404 1108 535 1184 malum,
549 1105 687 1170 sufficiet
700 1106 728 1168 si
741 1123 870 1187 semper
884 1114 973 1171 recte
983 1108 1175 1187 judicemus,
1191 1114 1227 1171 ut
1244 1114 1333 1172 recte
1352 1109 1518 1186 iaciamus,

404 1230 501 1304 atque
519 1224 547 1286 si
565 1239 661 1304 quem
682 1223 801 1305 optime
823 1241 996 1304 possumus
1018 1207 1210 1304 judicemus,
1224 1231 1260 1288 ut
1282 1242 1378 1306 quam
1399 1228 1520 1306 optime

400 1357 574 1422 possumus
587 1339 752 1416 iaciemus,
767 1341 831 1408 hoc
845 1347 894 1404 esi
911 1347 947 1404 ut
964 1342 1059 1418 nobis
1075 1343 1209 1406 virtutes
1226 1358 1340 1408 omnes
1358 1342 1519 1424 simulque

401 1458 507 1524 omnia
521 1458 582 1530 alia
594 1457 691 1535 bona,
707 1473 781 1538 quae
795 1459 838 1521 ad
853 1475 914 1522 nos
928 1463 1062 1538 possunt
1076 1459 1258 1540 pervenire,
1274 1475 1514 1539 comparemus3

400 1576 544 1657 quisquis
564 1580 671 1638 autem
698 1592 735 1638 se
758 1575 812 1638 illa
837 1576 898 1638 sibi
923 1592 1129 1656 comparasse
1151 1575 1301 1651 confidit,
1323 1593 1390 1641 non
1412 1583 1519 1656 potest

397 1709 464 1756 non
483 1709 555 1756 esse
578 1692 645 1754 suis
664 1695 836 1755 contentus
858 1709 896 1755 ac
921 1692 1046 1756 beatus.
1069 1712 1085 1750 n
1112 1691 1267 1772 Idemque
1287 1693 1365 1756 alias
1385 1710 1393 1754 ε
1417 1716 1431 1750 α
1457 1695 1519 1758 Ubi

398 1807 474 1890 quid
487 1807 668 1872 iaciendum
687 1807 728 1869 sit
744 1807 891 1872 distincte
906 1808 1079 1883 cernimus,
1094 1808 1170 1886 hoc,
1187 1807 1301 1888 inquit,
1318 1809 1517 1874 hauddubie

397 1929 582 2011 perficimus
594 1927 618 1989 ².
636 1949 651 1987 o

435 2049 476 2112 ΙΙ.
492 2050 565 2114 Non
578 2047 678 2112 totius
689 2047 842 2110 humanm
861 2052 984 2111 naturae
1003 2046 1159 2112 rationem
1177 2047 1330 2112 habuisse
1350 2049 1520 2125 Socratem,

397 2166 583 2232 Aristoteles
596 2163 758 2228 insimulet
772 2180 781 2226 ε
797 2163 881 2227 inest
898 2163 987 2226 enim
1008 2163 1113 2239 nobis,
1128 2164 1242 2244 inquit,
1258 2167 1410 2245 quaedam
1432 2169 1514 2234 irre-

395 2283 521 2346 tionalis
546 2298 636 2362 pars,
657 2297 754 2362 quam
778 2281 929 2344 affectum
952 2287 985 2344 et
1007 2281 1161 2345 moralem
1182 2282 1324 2348 indolem
1347 2302 1512 2365 vocemus,

396 2419 460 2483 qua
468 2401 656 2480 impellente
670 2416 711 2470 ea,
722 2416 810 2480 saepe
824 2399 1011 2480 perficimus
1019 2415 1094 2479 qum
1107 2415 1199 2464 mens
1214 2407 1433 2484 nostrepreva
1444 2421 1515 2471 esse

313 2581 316 2592 ,
392 2518 548 2600 judicavit
562 2518 585 2577 ³.

433 2637 471 2702 In
491 2636 570 2701 illud
592 2635 714 2699 crimen
739 2633 870 2698 minime
890 2633 1064 2698 incurrisse
1086 2633 1236 2700 Socrates
1259 2615 1352 2702 nobis
1374 2639 1511 2722 videtur,

394 2829 429 2867 en
447 2815 528 2879 peine
547 2815 583 2867 do
600 2814 737 2866 deliberer
752 2814 816 2878 quel
829 2813 973 2877 jugement
992 2817 1020 2863 et
1036 2811 1101 2876 quel
1117 2813 1199 2864 choix
1214 2814 1243 2877 je
1262 2811 1372 2865 devrais
1392 2813 1468 2875 loire,
1485 2813 1520 2865 et'

392 2887 465 2940 elusi
478 2889 507 2952 je
521 2886 610 2940 semis
625 2886 809 2938 enlierement
822 2884 900 2948 libre,
916 2896 984 2934 sens
998 2884 1099 2947 iamois
1116 2883 1176 2936 etro
1192 2885 1358 2938 indifferent.

423 2957 448 3007 l.
463 2958 620 3019 Descertes‚
636 2955 796 3006 Dissertatio
811 2955 844 3004 de
857 2951 981 3005 Methodo
992 2969 1026 3005 cc
1042 2953 1148 3006 Gallico
1164 2957 1301 3006 translato
1314 2961 1341 3006 et
1356 2954 1514 3008 abnoctare

392 3028 518 3091 perlecto.
536 3028 603 3078 Pars
619 3025 666 3076 lll.

425 3097 449 3150 2.
471 3097 627 3160 Descertes‚
648 3095 736 3146 Lettre
757 3094 1189 3160 47.v0yanttres01airement
1210 3111 1243 3149 ce
1267 3097 1333 3162 qu'il
1354 3096 1413 3149 seut
1436 3098 1511 3160 faire,

394 3185 431 3222 on
450 3170 478 3221 le
495 3170 544 3222 soit
562 3169 782 3220 iniailliblement
801 3173 829 3219 et
849 3181 916 3219 sans
935 3181 1044 3219 eucune
1066 3169 1255 3222 indifference.
1277 3169 1317 3221 Cl.
1337 3169 1426 3219 Lettro
1440 3171 1458 3220 ὰ
1473 3185 1512 3222 un

392 3241 430 3294 R.
447 3241 480 3291 P.
499 3240 599 3304 jisuite
614 3239 767 3304 (Mesland),
788 3239 843 3304 mai
865 3237 926 3290 1644
943 3253 950 3287 r
967 3239 990 3292 ll
1009 3243 1062 3302 est,
1081 3253 1114 3292 ce
1133 3253 1180 3292 me
1199 3241 1313 3303 semble,
1336 3241 1441 3292 certain
1457 3255 1511 3307 que

392 3328 428 3365 ex
443 3326 543 3377 magna
558 3312 622 3364 luce
635 3312 664 3362 in
677 3311 821 3364 intellectu
840 3312 966 3376 sequitur
981 3325 1082 3376 magne
1095 3313 1244 3376 propensio
1260 3313 1290 3363 in
1304 3311 1460 3376 voluntate;
1477 3327 1512 3364 en

392 3389 468 3435 sorte
484 3397 546 3448 que,
564 3385 668 3446 voyant
682 3383 741 3434 tres
758 3383 918 3434 cloirement
934 3384 1037 3446 qu’une
1053 3383 1139 3434 chose
1155 3396 1227 3434 nous
1243 3387 1291 3433 est.
1304 3395 1412 3446 propre,
1431 3382 1453 3432 il
1469 3388 1512 3434 est

389 3457 449 3508 tres
462 3454 578 3505 moleise
596 3459 625 3504 et
643 3453 743 3516 meme,
760 3467 868 3506 comme
883 3454 911 3516 je
931 3455 1014 3515 crois,
1032 3454 1205 3517 impossible,
1221 3454 1346 3518 pendant
1361 3455 1444 3518 qu’on
1462 3454 1511 3505 de·

389 3540 485 3578 meure
505 3539 541 3576 en
561 3529 634 3579 celle
652 3527 764 3590 penses,
786 3526 919 3578 d'orreter
934 3525 960 3576 le
976 3539 1060 3578 cours
1079 3527 1114 3576 de
1131 3531 1211 3576 notre
1227 3525 1332 3576 desir...
1352 3524 1381 3576 Si
1397 3537 1469 3576 nous
1485 3525 1512 3576 le

392 3611 498 3664 voyons
513 3596 674 3649 cleirement
692 3598 757 3661 (que
772 3611 805 3649 ce
820 3611 874 3662 que
889 3610 961 3648 nous
977 3597 1082 3652 iaisons
1097 3601 1142 3648 est
1155 3596 1292 3659 mauvais)
1307 3597 1327 3648 il
1340 3609 1413 3654 nous
1427 3596 1513 3662 seruit

392 3669 556 3734 impossible
570 3669 606 3720 de
626 3669 729 3733 pecher
744 3670 865 3732 pendent
880 3669 907 3720 le
923 3672 1015 3732 temps
1032 3681 1086 3732 que
1107 3681 1178 3724 nous
1197 3668 1368 3720 isserninus
1385 3681 1420 3720 en
1436 3670 1511 3718 celle

392 3747 481 3800 sorte;
497 3741 566 3792 c'est
580 3740 716 3804 pourquoi
727 3753 764 3790 on
778 3741 818 3792 dit
831 3755 885 3805 que
897 3740 1120 3803 omnispeccans
1132 3745 1176 3790 est
1188 3739 1328 3804 ignorans.
1342 3765 1369 3778 -
1384 3739 1423 3792 Ci.
1436 3739 1511 3794 Leib-

390 3814 457 3876 nilz‚
476 3812 573 3864 Tbe'od.
591 3811 668 3863 Nous
684 3825 720 3863 ne
736 3825 859 3863 sommes
875 3812 961 3862 libres
977 3824 1031 3874 que
1046 3811 1115 3862 dens
1126 3810 1154 3861 le
1167 3825 1280 3865 mesure
1293 3811 1328 3862 de
1340 3814 1419 3861 notre
1431 3810 1510 3862 inlel-

388 3886 532 3950 ligence...
557 3884 579 3934 ll
601 3885 646 3948 n'y
668 3897 685 3934 a
709 3883 1003 3948 d'ehsolumentlibre
1026 3896 1080 3946 que
1101 3883 1299 3946 l'lntelligence
1321 3883 1453 3947 supreme
1473 3895 1508 3936 ou

389 3957 489 4007 Dieu...
507 3956 570 4007 Etre
588 3955 665 4017 libre,
684 3957 753 4010 o'est
772 3970 803 4007 se
822 3956 955 4008 resoudre
972 3969 1006 4006 en
1026 3954 1116 4018 pleine
1137 3954 1338 4008 connaissance
1358 3953 1392 4006 de
1413 3966 1508 4016 cause,

388 4041 459 4092 pour
473 4027 524 4078 des
540 4026 649 4077 raisons
665 4027 748 4091 qu’on
763 4031 876 4090 accepte
893 4031 921 4076 et
933 4027 1016 4091 qu’on
1031 4025 1081 4076 leit
1096 4026 1218 4090 siennes,
1234 4023 1304 4076 c'est
1319 4024 1509 4078 subordonner

390 4111 442 4149 son
453 4097 565 4150 reclivite
580 4099 596 4150 d
612 4111 644 4159 se
655 4096 758 4149 raison.
774 4097 804 4148 Si
815 4098 869 4148 l’on
884 4098 978 4162 vopaii
989 4096 1117 4164 toujours
1131 4096 1207 4158 clair,
1222 4109 1259 4148 on
1270 4095 1369 4160 ogirait
1382 4096 1508 4160 toujours

388 4170 462 4221 bien.

419 4240 444 4292 3.
459 4242 552 4303 Arist„
567 4241 659 4306 Maon.
673 4241 753 4303 Mor„
765 4242 787 4304 1,
802 4253 822 4304 1,
835 4241 896 4292 1182
910 4255 936 4293 ο.
956 4242 1087 4308 >lupumve
1103 4239 1145 4293 οὖν
1162 4237 1229 4310 αὐτῷ
1246 4237 1381 4306 ἐπιστήμας
1399 4248 1507 4292 ποιοῦντι

388 4313 431 4372 τὰς
447 4309 534 4383 &perduc
549 4309 655 4382 ἀναιρεῖν
670 4315 699 4365 τὸ
716 4313 806 4380 ἄλογον
823 4313 894 4381 μέρος
910 4319 952 4378 τῆς
969 4317 1060 4380 ψυχῆς,
1074 4320 1147 4366 τοῦτο
1162 4313 1188 4366 oi
1201 4321 1279 4366 ποιῶν
1294 4307 1387 4380 ἀναιρεῖ
1402 4313 1444 4366 καὶ
1457 4313 1507 4366 πά·

390 4388 430 4442 θος
446 4383 488 4435 καὶ
504 4383 570 4448 ἦθος·
589 4386 626 4435 διὸ
640 4381 687 4437 οὖν
703 4379 780 4452 ὀρθῶς
793 4382 876 4450 ἥψατο
890 4385 967 4460 ταύτῃ
982 4393 1030 4438 τῶν
1047 4379 1148 4453 ἀρετῶν.
