3544 5468
696 794 919 846 beornocus
1326 783 1366 854 59

248 920 432 994 proponunt
455 915 699 994 rectissimeque
725 907 1040 994 via'assequuntur;
1071 915 1124 976 alii
1146 915 1216 976 aliis
1241 915 1365 978 artibus

246 1032 441 1110 precellunt
452 1032 651 1112 gloriamque
660 1031 893 1111 adipiscuntur,
906 1031 1101 1111 illommque
1113 1030 1278 1094 laboribus
1290 1049 1367 1096 cou-

246 1147 345 1210 tinuis
367 1148 481 1210 melior
502 1147 594 1210 utin
617 1147 687 1210 dies
705 1146 873 1210 bominum
895 1146 1047 1210 conditio.
1068 1146 1105 1209 ld
1128 1152 1237 1210 tamen
1250 1164 1365 1227 pamm

247 1271 318 1326 erat
330 1272 366 1326 ut
379 1247 538 1344 homines,
554 1271 651 1342 prout
671 1280 784 1327 eorum
803 1270 918 1327 nature
935 1262 1069 1339 terebat,
1082 1262 1167 1327 inter
1179 1281 1216 1327 se
1228 1264 1365 1327 societa-

245 1391 312 1444 tem
332 1382 540 1460 conjungere,
559 1381 705 1443 civitates
723 1379 864 1444 condere
885 1397 925 1442 ac
945 1396 1026 1459 pace
1045 1379 1109 1443 frui
1126 1387 1269 1460 possent.
1287 1382 1365 1444 lllos

246 1523 324 1585 ergo
339 1507 491 1568 misertus
505 1505 641 1585 Jupiter,
657 1505 826 1579 Mercurio,
841 1505 987 1568 ministro
1002 1522 1074 1580 suo,
1089 1505 1186 1586 jussit
1203 1514 1239 1569 ut
1255 1507 1362 1570 bomi-

243 1623 341 1686 nibus
354 1622 525 1699 rationem,
537 1620 693 1700 judicium
713 1621 934 1702 moralemque
952 1637 1085 1684 sensum
1104 1623 1265 1686 conferret
1280 1642 1289 1688 ε
1305 1643 1363 1688 cu·

240 1741 294 1819 Jus
307 1739 469 1818 duplicem
488 1738 583 1801 nobis
595 1738 731 1802 formem
744 1738 868 1816 tribuit,
882 1739 1040 1818 pudorem
1059 1739 1182 1803 scilicet
1195 1741 1299 1823 (αἰδῶ),
1314 1747 1366 1808 vel

244 1865 365 1922 nostrae
383 1857 545 1936 dignitatis
569 1857 781 1933 intellectum,
801 1874 977 1938 perquem
997 1864 1120 1937 quanta
1139 1875 1216 1938 erga
1235 1869 1363 1926 uosmet

242 1975 330 2054 ipsos
343 1975 448 2038 officia
461 1973 637 2037 habeamus
646 1976 816 2052 sentimus,
827 1982 860 2038 et
867 1975 1023 2056 justitiam
1037 1973 1137 2056 (δίκην)
1150 1977 1268 2056 quade
1282 1995 1359 2041 nos·

242 2091 301 2153 tris
313 2107 391 2171 erge
408 2098 535 2155 ceteros
549 2090 663 2153 officiis
680 2092 892 2154 admonemur
906 2091 994 2172 (nam
1011 2092 1095 2154 inter
1105 2072 1237 2171 justitiae
1251 2101 1360 2173 partes

241 2211 394 2290 pietatem
419 2210 570 2272 Socrates
596 2214 799 2287 annumerat,
821 2226 897 2288 quac
920 2225 981 2272 nos
1002 2209 1044 2271 ad
1066 2210 1239 2272 colendum
1262 2213 1361 2275 deum

243 2326 372 2405 excitat)
381 2326 404 2388 ¹.
420 2327 527 2400 Quum
541 2333 649 2387 autem
663 2342 703 2388 ea
723 2326 808 2389 inter
822 2342 936 2388 omnes
949 2325 1097 2388 distribui
1107 2329 1250 2406 jusserit,
1264 2346 1361 2393 nemo

243 2451 293 2508 est
306 2445 361 2524 qui
372 2461 447 2524 quae
459 2443 545 2507 bona
561 2443 626 2506 sint
639 2444 832 2522 perspicere,
846 2450 880 2506 et
892 2444 1021 2521 docere,
1032 2452 1066 2507 et
1077 2462 1198 2523 amare,
1211 2452 1244 2509 et
1255 2447 1361 2512 facere

240 2580 283 2625 ne
328 2569 389 2624 eat.

282 2581 365 2752 guid
378 2678 474 2758 igitur
486 2677 662 2740 Socraticae
673 2675 791 2739 labulae
806 2676 989 2739 addendum
1003 2678 1045 2738 sit
1063 2677 1137 2739 luce
1153 2693 1242 2740 nunc
1255 2682 1358 2742 mani-

241 2797 353 2858 festius
367 2801 511 2875 apparet.
528 2796 633 2869 Quum
646 2811 712 2856 non
730 2795 836 2857 solum
855 2794 989 2857 deorum
1004 2793 1260 2873 sapientissimus
1272 2799 1357 2878 opti-

239 2930 389 2993 musque,
401 2913 459 2974 sed
472 2913 641 2974 hominum
656 2911 903 2990 coelestiumque
916 2929 975 2974 rex
988 2912 1030 2972 sit
1042 2913 1176 2991 Jupiter,
1191 2929 1257 2975 non
1270 2922 1359 2977 recte

235 3029 399 3109 judicandi
413 3029 518 3090 solum
537 3036 570 3090 et
583 3029 712 3091 amandi
729 3035 762 3091 et
780 3028 894 3106 agendi
907 3027 1090 3091 facultatem
1105 3029 1198 3091 nobis
1212 3029 1356 3107 indulsit,

239 3145 298 3207 sed
311 3161 384 3207 eam
398 3144 503 3221 legem
516 3144 668 3205 omnibus
686 3143 841 3222 imposuit
862 3148 899 3205 ut
920 3161 997 3223 quae
1013 3144 1100 3206 bona
1113 3151 1223 3206 essent
1235 3163 1356 3224 cogno-

240 3277 343 3333 scere,
351 3259 489 3340 deligere
495 3259 689 3339 etperficere
702 3260 838 3322 summis
845 3277 974 3339 semper
986 3260 1155 3323 conatibus
1164 3261 1355 3326 niteremur.

271 3438 294 3486 l.
310 3437 395 3500 Plato,
411 3437 585 3504 Eutbppltro,
601 3437 632 3490 ll
647 3453 670 3488 e.

415 3701 483 3756 Vidi
496 3715 533 3775 ac
549 3701 665 3771 perlegi

345 3793 445 3850 Lutet.
460 3795 556 3851 Paris.
572 3796 603 3850 in
616 3796 764 3863 Sorbona,

327 3897 354 3937 a.
377 3885 406 3939 d.
423 3885 449 3940 ΙΙ
469 3899 539 3939 non.
556 3885 624 3940 Jun.
644 3901 694 3940 en.
708 3884 788 3941 1879.

276 3985 450 4044 Facultetis
466 3987 646 4044 litterarum
661 3989 698 4044 in
713 3988 811 4045 Acad.
827 3989 929 4045 Paris.

471 4076 614 4133 Desertus

424 4185 460 4240 u.
478 4187 635 4264 winton.

879 4321 973 4391 'lypis
992 4320 1163 4385 mandetur,

785 4419 966 4477 Academiae
980 4417 1174 4475 parisiensis
1189 4420 1301 4489 rector,

954 4517 1101 4579 umine.
