3544 5468
730 716 953 768 Pnoraootta
1358 703 1399 764 37

280 835 405 898 ciamus
418 853 495 916 quaa
516 843 550 899 et
566 836 652 900 bona
665 835 849 916 judicemus
871 843 905 900 et
921 851 1084 913 amemus,
1103 835 1264 916 quomodo
1282 851 1398 902 11111ὲ

281 952 337 1032 qui
350 953 528 1034 poterimus
541 958 577 1014 ut
590 969 630 1016 ea
642 951 727 1015 bona
743 952 939 1030 judicemus,
956 947 1125 1032 diligamus
1142 959 1176 1015 et
1192 953 1399 1032 perficiamus

280 1086 355 1149 quae
367 1086 445 1133 vere
457 1069 543 1133 bona
554 1069 638 1132 sint‘l
652 1069 745 1144 Quod
759 1077 795 1132 nt
815 1070 910 1133 fieret
921 1069 1011 1132 nulla
1023 1085 1060 1132 re
1078 1069 1140 1131 nisi
1162 1070 1298 1134 scientia
1314 1087 1398 1151 opus

279 1203 352 1250 esse
362 1187 436 1266 iure
448 1187 625 1250 asseruisse
638 1185 803 1250 Socratem
817 1187 989 1249 credimus.

318 1303 457 1381 Etenim,
483 1309 520 1366 ut
547 1303 646 1367 Stoici
672 1303 794 1380 dicunt,
819 1303 900 1364 nihil
926 1303 989 1365 nisi
1009 1301 1173 1382 judicandi
1201 1305 1336 1368 facultas
1363 1306 1398 1368 in

277 1429 389 1484 nostra
400 1436 530 1500 semper
542 1425 702 1501 potestate
715 1421 813 1483 situm
827 1426 886 1482 est.
904 1419 952 1481 Er
973 1436 1025 1482 me
1044 1437 1109 1482 uno
1128 1420 1248 1500 pendet
1266 1428 1302 1485 ut
1320 1422 1400 1486 huic

275 1536 330 1601 vel
341 1536 387 1598 illi
399 1537 447 1598 rei
464 1551 596 1614 operam
614 1535 698 1611 dem,
715 1541 751 1598 ut
772 1552 845 1598 eam
866 1536 1031 1614 explorem
1046 1535 1344 1616 introspiciamque,
1361 1545 1397 1601 ut

258 1639 262 1652 ’
277 1653 470 1717 sententiam
484 1669 590 1716 meam
606 1652 779 1731 pericliter,
793 1659 830 1715 ut
842 1668 957 1716 verum
968 1671 988 1714 a
1000 1652 1080 1715 falso
1092 1652 1285 1715 discernam.
1303 1655 1396 1728 Quod

275 1769 332 1833 ubi
346 1770 482 1848 adeptus
504 1785 572 1846 ero,
586 1772 734 1847 voluptas
747 1774 780 1830 et
794 1768 965 1848 propensio
987 1769 1170 1832 necessario
1191 1786 1395 1850 consequen·

275 1895 349 1960 tur;
365 1887 428 1974 hoc
441 1886 494 1949 vel
506 1885 586 1947 illud
606 1885 663 1948 ubi
680 1885 802 1948 bonum
824 1901 898 1947 esse
920 1901 1113 1964 cognovero,
1129 1886 1258 1965 diligam
1271 1895 1304 1950 et
1317 1905 1393 1965 per·

275 2020 394 2085 sequar
406 2003 440 2082 ¹3
460 2003 516 2067 ubi
537 2002 570 2065 id
593 2004 717 2083 agendo
740 2004 861 2084 optime
880 2010 1028 2066 acturum
1051 2021 1124 2067 esse
1143 2022 1196 2068 me
1214 2007 1391 2086 apparebit,

274 2121 308 2183 id
332 2128 368 2185 ut
391 2137 552 2200 exsequar
570 2121 708 2182 maxime
730 2120 895 2182 inclinabit
916 2120 1052 2198 animus,
1072 2120 1170 2200 idque
1190 2122 1295 2184 libens
1316 2140 1392 2202 per·

275 2237 393 2301 ficiam.

314 2355 444 2417 Minime
459 2359 570 2416 contra
583 2353 618 2414 in
631 2370 729 2416 manu
744 2360 854 2414 nostra
868 2352 962 2430 positi
975 2359 1051 2414 sunt
1065 2353 1163 2414 amini
1177 2355 1279 2416 nostri
1292 2356 1390 2419 affec-

276 2478 339 2534 tus.
357 2471 479 2534 Gaudio
493 2470 662 2546 afficimur,
674 2469 771 2531 etiam
785 2485 885 2548 quum
899 2469 978 2530 illud
989 2455 1211 2548 subterfugere
1226 2473 1388 2550 cupimus;

275 2595 312 2651 ut
330 2606 408 2650 vero
421 2587 500 2650 illud
518 2587 676 2666 gignatur,
692 2592 728 2647 ut
751 2603 790 2647 ea
813 2602 866 2647 res
884 2587 1081 2662 voluptatem
1103 2585 1197 2648 nobis
1214 2587 1337 2668 afferat,
1354 2597 1390 2652 ut

275 2710 364 2772 nullo
379 2709 490 2771 dolore
503 2724 702 2785 moveamur,
720 2713 756 2768 ut
769 2706 998 2785 prohibeamus
1019 2723 1062 2768 ne
1085 2723 1125 2768 ex
1149 2708 1311 2794 voluptate
1330 2709 1394 2791 cu-'

274 2827 349 2908 pido
362 2826 493 2904 oriatur,
509 2825 639 2887 arbitrio
653 2833 764 2886 nostro
778 2841 844 2885 non
857 2825 1059 2902 permittitur.
1077 2824 1149 2886 Non
1162 2832 1213 2887 est
1226 2828 1387 2904 quomodo

273 2945 379 3024 pravis
393 2942 620 3023 cupiditatibus
634 2942 832 3016 resistamuS,
849 2941 911 3000 nisi
928 2941 1030 3001 bonas
1044 2941 1234 3017 cupiditates
1247 2943 1279 3002 in
1294 2947 1388 3005 nobis

272 3062 465 3136 excitemus3
475 3059 561 3120 bona
570 3058 676 3119 studia
685 3059 833 3136 turpibus
844 3057 957 3117 studiis
967 3056 1123 3118 obsistere
1135 3059 1204 3119 sola
1218 3069 1349 3133 possunt
1359 3061 1383 3122 ².

268 3182 385 3244 Mentis
399 3187 519 3243 nostrae
529 3178 649 3257 judicia
663 3178 759 3238 animi
774 3177 909 3238 allectus
921 3168 1005 3255 (ἦθος)
1020 3194 1149 3256 semper
1163 3184 1383 3260 prosequitur;

269 3301 367 3362 animi
380 3305 488 3361 autem
504 3296 673 3360 affectibus
691 3296 820 3357 moralis
835 3295 960 3356 indoles
976 3294 1079 3376 (πάθος)
1106 3303 1173 3357 tota
1187 3301 1382 3378 continetur;

268 3417 357 3479 nulla
372 3433 448 3494 ergo
462 3416 546 3476 inter
560 3413 747 3475 rationalem
768 3412 988 3488 moralemque
1005 3411 1157 3474 humanae
1174 3403 1292 3477 'animm
1311 3435 1386 3495 par-

268 3541 336 3598 tem
362 3511 520 3594 discordia
548 3530 624 3592 oriri
651 3534 768 3607 potest.
796 3528 858 3589 Ubi
884 3529 1017 3589 meliora
1040 3536 1148 3591 mente
1173 3532 1383 3611 concipimus

267 3653 380 3731 pejora
392 3654 545 3729 appetere
565 3654 597 3708 et
611 3647 785 3720 conticere,
800 3645 855 3706 ubi
869 3644 945 3706 boni
959 3645 1125 3706 scientiam
1140 3647 1246 3725 adepti
1259 3665 1383 3724 sumne,

265 3769 349 3830 male
363 3782 459 3846 agere
472 3781 538 3826 non
554 3779 739 3842 possumne.

304 3885 360 3946 lll.
375 3883 478 3945 Nemo
495 3880 593 3960 igitur
612 3885 661 3942 est
680 3879 736 3958 qui
754 3879 838 3940 mala
856 3894 998 3957 unquam
1021 3878 1117 3942 faciat
1133 3879 1262 3957 volens;
1275 3898 1385 3946 nonne

296 4101 324 4147 l.
342 4094 472 4157 Spinoza,
485 4093 525 4143 De
542 4092 608 4154 Deo,
624 4092 742 4142 Homine
759 4097 786 4141 et
805 4091 980 4142 Bactitadine
995 4092 1076 4155 (trad.
1093 4092 1122 4142 P.
1141 4093 1240 4156 tanet),
1260 4091 1288 4142 2¹
1309 4105 1383 4156 pars,

268 4179 329 4230 cap.
346 4175 407 4215 xix.
425 4166 496 4215 Pour
509 4177 582 4215 nous
600 4163 718 4214 delivrer
736 4163 772 4213 da
792 4176 845 4213 nos
862 4163 1001 4226 passione,
1017 4177 1089 4213 nous
1107 4164 1222 4214 n’avons
1238 4165 1301 4228 qu’a
1318 4162 1385 4213 taire

265 4250 304 4286 nn
317 4237 373 4287 bon
388 4250 480 4298 usage
490 4235 526 4284 de
538 4241 617 4284 notre
631 4235 856 4285 entendement...
871 4235 910 4285 La
923 4236 999 4285 vraie
1012 4235 1213 4286 connaissance
1227 4239 1293 4298 peut
1306 4234 1385 4284 seule

238 4315 241 4320 “
262 4321 335 4358 nous
349 4307 448 4356 rendre
464 4306 560 4365 libres,
580 4312 609 4356 et
625 4320 692 4356 sans
708 4307 761 4356 elle
775 4318 846 4356 nous
862 4319 897 4356 ne
911 4305 1075 4370 pouvonsle
1089 4307 1211 4355 devenir.

293 4377 318 4426 ἓ.
334 4378 412 4437 Κέω,
426 4377 518 4436 Mam,
532 4376 553 4438 l,
568 4387 607 4433 VI,
621 4376 646 4426 8·
661 4378 713 4428 Tou
726 4377 752 4428 δὲ
767 4373 800 4442 μὴ
813 4378 933 4428 δουλέυειν
946 4378 1035 4461 γαστρὶ
1048 4376 1110 4441 μηδὲ
1122 4374 1191 4443 ὕπνῳ
1207 4376 1268 4442 μηδὲ
1280 4378 1382 4447 λαγνείᾳ

264 4451 311 4508 οἱέι
324 4469 347 4501 τι
363 4448 424 4500 ἄλλο
440 4443 581 4516 αἰτιώτερον
595 4446 656 4500 εἶναι
668 4448 685 4512 ἢ
697 4449 725 4500 τὸ
738 4447 810 4505 ἔτερα
824 4449 888 4514 ἔχειν
901 4449 994 4499 τούτων
1006 4450 1083 4512 ηδίω;
