3544 5468
393 627 414 688 6
828 642 881 692 un.
899 641 1082 694 aaaronrs

394 765 625 829 controversiae
649 764 774 826 confert
797 763 928 842 longum
954 761 1035 825 iilud
1057 767 1090 825 et
1114 761 1383 839 jucundissimum
1405 779 1515 842 prom·-

395 883 509 955 mium;
526 881 632 943 minus
646 879 742 944 etiam
756 879 851 960 longa
866 885 902 941 et
912 879 1028 942 acerba
1043 896 1116 958 quae
1130 879 1270 944 naedium
1287 879 1408 943 librum
1424 886 1517 946 tanet

394 998 568 1062 altercatio.
580 998 618 1064 lu
630 996 839 1077 depingendis
853 996 1022 1076 sophistis,
1033 996 1067 1058 in
1082 995 1258 1059 referendis
1270 995 1400 1062 illorum
1413 997 1513 1062 emhi-

393 1115 485 1178 tiosis
498 1121 531 1176 et
545 1113 663 1192 putidis
676 1112 874 1176 orationibus
886 1112 1021 1175 nimium
1034 1112 1201 1176 immorari
1214 1113 1352 1192 scriptor
1368 1115 1516 1193 videm

395 1232 437 1294 dc
449 1231 621 1294 Simonidis
634 1230 781 1292 versibus
793 1229 919 1309 longius
932 1229 1123 1309 disputatur,
1141 1245 1239 1308 quam
1253 1246 1307 1292 res
1321 1230 1392 1310 ipse
1410 1237 1518 1310 postu-

395 1347 460 1427 let;
479 1365 552 1427 quae
568 1347 608 1410 de
621 1347 809 1426 Epimetheo
833 1351 866 1409 et
886 1345 1081 1409 Prometheo
1103 1351 1274 1418 narrantur
1293 1345 1380 1429 (quae
1400 1348 1521 1411 summi

397 1466 550 1527 momenti
565 1481 636 1528 esse
651 1460 826 1544 credimus)
843 1470 875 1524 et
889 1462 1025 1542 abrupte
1039 1462 1243 1540 proferuntur
1262 1469 1295 1526 et
1312 1463 1448 1542 abrupte
1463 1481 1519 1528 re·

396 1580 597 1662 linquuntur.
622 1579 736 1643 Nulhrs
758 1578 889 1642 tandem
910 1578 1114 1658 disputationi
1138 1579 1212 1640 linis
1232 1578 1428 1658 impunitum
1451 1581 1516 1642 imo

401 1705 566 1778 postrema
583 1717 603 1760 a
619 1696 780 1777 prioribus
798 1696 953 1758 dissidere
965 1695 1134 1758 videntur¹
1155 1713 1162 1757 :
1180 1695 1266 1759 unde
1279 1696 1400 1760 hoium
1418 1706 1468 1761 est
1482 1704 1518 1760 ut

398 1815 491 1878 multi
506 1816 672 1878 Socratem
686 1814 727 1876 de
742 1812 831 1876 nulla
844 1828 881 1874 re
894 1811 1088 1875 concludere
1110 1811 1239 1874 solitum
1262 1829 1335 1874 esse
1355 1818 1387 1875 et
1406 1813 1447 1876 de
1460 1832 1518 1878 na-

397 1940 471 1996 tura
492 1932 619 1995 virtutis
641 1931 792 1994 infitiales
814 1936 940 1992 tantum
963 1934 996 1991 et
1021 1928 1251 1992 consolatorios
1273 1945 1439 1994 sermones
1465 1931 1521 1994 he·

398 2051 509 2114 huisse
523 2046 747 2128 scripserint².
768 2047 866 2125 Cujus
880 2044 1038 2124 opinionis
1052 2050 1239 2124 argumento
1254 2045 1343 2108 illum
1357 2046 1516 2126 dialogum

400 2190 472 2236 esse
487 2170 647 2246 dixerunt,
661 2169 717 2248 qui
730 2166 914 2230 inscribitur
926 2166 1069 2246 Clitopho
1078 2189 1087 2243 ,·
1097 2166 1142 2229 ita
1155 2183 1233 2229 vero
1244 2168 1374 2230 minime
1389 2169 1517 2248 facient,

400 2291 428 2353 si
440 2289 531 2352 illum
547 2302 676 2367 quoque
699 2285 870 2363 dialogum,
887 2283 942 2362 qui
962 2300 1037 2346 curn
1052 2283 1236 2361 Protagora
1255 2283 1336 2346 mire
1357 2285 1516 2363 congruit,

400 2414 491 2470 recte
521 2403 723 2482 interpretati
749 2401 823 2464 sint.
853 2402 1005 2463 Ceterum
1030 2401 1103 2462 haec
1130 2400 1213 2462 inter
1240 2401 1392 2480 sapientis
1418 2404 1519 2464 nostri

405 2525 547 2604 aequales
559 2521 688 2600 vulgata
699 2519 805 2599 opinio
820 2525 900 2593 erat,
915 2518 1080 2580 Socratem
1096 2516 1316 2580 efficacissime
1327 2519 1465 2595 juvenes
1478 2521 1520 2580 ad

403 2641 572 2709 amandam
586 2637 818 2715 colendamque
832 2635 983 2698 virtutem
1002 2634 1134 2712 hortari,
1150 2651 1216 2696 non
1230 2651 1305 2697 eum
1325 2640 1433 2698 temen
1447 2653 1520 2700 csse

404 2777 468 2841 quo
483 2759 565 2822 duce
578 2755 762 2835 longissime
776 2754 810 2815 in
824 2753 881 2815 illa-
891 2752 942 2815 via
957 2751 1105 2831 progredi
1119 2757 1260 2831 possent.
1274 2753 1376 2826 Quem
1390 2755 1424 2816 in
1438 2772 1525 2818 erro·

404 2892 473 2938 rem
497 2888 665 2952 nunquam
686 2869 813 2932 labetur
835 2869 891 2948 qui
915 2875 1070 2947 quantum
1091 2869 1250 2931 valuerint
1263 2870 1297 2931 in
1317 2871 1526 2936 informandis

405 2989 663 3057 adolescentibus
676 2986 817 3050 Socratis
830 2991 916 3048 artes
931 2991 963 3048 et
977 2985 1148 3048 methodus
1160 2985 1382 3050 intellexerit².

445 3110 567 3173 Auctor
587 3112 637 3168 est
658 3103 845 3168 Aristoteles
864 3102 1000 3181 poesim,
1016 3102 1218 3184 maximeque
1233 3103 1451 3186 dramaticum,
1467 3109 1525 3170 ali·

409 3225 486 3306 quid
499 3225 619 3286 habere
639 3220 741 3300 magis
761 3217 1015 3299 philosophicum
1041 3235 1138 3297 quam
1160 3218 1322 3282 historiam
1328 3237 1459 3303 ,eaque
1478 3241 1527 3288 ra·

440 3394 462 3438 l
479 3388 564 3447 Plato,
576 3385 697 3448 Protagq
712 3384 766 3445 XL,
781 3381 871 3434 361α.
890 3383 940 3433 Καὶ
958 3402 998 3448 μοι
1016 3385 1083 3434 οκει
1097 3390 1168 3448 ημων
1184 3378 1199 3446 ἡ
1216 3384 1271 3472 ρίρτι
1288 3386 1369 3444 ἔξοδος
1384 3394 1433 3439 τῶν
1446 3391 1526 3456 λόγων

409 3461 494 3528 ὥσπερ
509 3460 635 3549 ἅνθρωπος
649 3465 794 3524 κατηγορεῖν
809 3475 836 3507 τε
850 3456 892 3506 καλ
906 3459 1053 3520 καταγελᾶν,
1069 3473 1111 3506 και
1126 3451 1145 3507 εἷ
1160 3455 1241 3521 φωνὴν
1256 3455 1360 3519 ideoq’
1350 3469 1424 3511 ειπεῖν
1439 3481 1476 3524 αν,
1491 3462 1528 3514 ὅτι

408 3531 559 3597 ”Ατοπιιι’γ’
574 3528 637 3591 ἐστὲ,
653 3527 673 3580 ὧ
688 3530 772 3595 Σωκρ.
791 3529 832 3578 και
849 3529 964 3594 Πρωτ...

439 3605 463 3655 2.
480 3603 623 3666 Xenopho,
638 3601 729 3661 Mem„
747 3599 768 3652 Ι.
783 3611 822 3661 lv,
842 3595 892 3648 l.'
882 3619 903 3650 ει
919 3599 945 3648 δέ
960 3616 1020 3655 τινες
1033 3598 1169 3666 Σωκρατην
1185 3602 1332 3665 νομίζουσιν,
1350 3598 1383 3661 u‘rc
1399 3605 1485 3671 ἕνιοιγ
1470 3607 1531 3696 γρά-

409 3678 483 3763 ρουσί
496 3695 522 3726 τε
536 3675 578 3725 καλ
590 3674 690 3738 λέγουσι
705 3691 760 3738 περι
775 3667 850 3722 αὐτοῦ
865 3671 1063 3754 τεκμαιρόμενοι
1076 3688 1153 3758 προτρ
1156 3671 1262 3757 ἑψρισθαι
1276 3673 1317 3738 μὲν
1332 3668 1497 3742 ἂνθρώπους’
1488 3677 1531 3728 επ’

411 3742 499 3813 ἀρετὴν
507 3744 650 3834 κράτιστον
664 3743 797 3808 γεγονέναι,
812 3749 963 3808 προαγαγεῖν
979 3736 1031 3791 δὲ’
1022 3739 1064 3791 επ’
1076 3737 1150 3804 αὐτὴν
1165 3738 1212 3807 οὐχ
1224 3742 1316 3804 ἱκανόν,
1332 3745 1524 3834 σκεψάμενοι
1497 3768 1531 3814 μη

412 3819 484 3883 μόνον
499 3817 515 3866 ἃ
531 3823 620 3870 εκεῖνος
634 3816 799 3879 κολαστηρίου
815 3811 887 3863 ἕνεκα
902 3831 958 3870 τους
973 3811 1035 3862 πάντ
1041 3808 1186 3878 ’ὀιομένους
1203 3809 1316 3864 ἐιδέναι’
1307 3824 1405 3904 ερωτων
1417 3815 1529 3886 ἤλεγχεν,

412 3885 475 3940 ἀλλὰ
490 3886 531 3936 και
547 3883 563 3935 ἅ
578 3885 655 3949 λέγων
668 3884 818 3950 συνημέρευε
831 3893 880 3942 τοῖς
895 3885 1098 3950 συνδιατρίὸουσι,
1112 3885 1291 3949 δοκιμαζόντων
1307 3904 1326 3937 ει
1342 3887 1446 3946 ἱκανὸς’
1437 3909 1467 3953 ην
1481 3894 1533 3956 βελ-

410 3960 474 4016 τίους
489 3964 566 4008 ποιεῖν
580 3973 637 4011 τους
655 3955 779 4012 συνόντας.

442 4028 466 4078 3.
484 4028 535 4076 Les
547 4026 701 4076 entretiens
714 4025 748 4076 de
763 4025 876 4076 Socrate
888 4029 953 4076 sont
966 4026 1083 4089 remplie
1093 4026 1127 4076 de
1139 4025 1316 4080 discussions
1328 4041 1377 4082 sur
1389 4029 1440 4081 des
1453 4044 1530 4095 ques·

410 4099 486 4150 tions
500 4112 554 4162 peu
570 4098 758 4160 fructueuses,
773 4109 882 4147 comme
896 4098 931 4148 de
946 4099 1038 4147 saveir
1055 4099 1081 4148 si
1095 4098 1121 4148 la
1137 4103 1216 4149 verbu
1234 4105 1300 4162 peut
1311 4101 1370 4151 etre
1385 4103 1534 4166 enseignee

412 4184 448 4220 ou
464 4170 489 4219 si
503 4170 556 4219 elle
571 4174 615 4219 est
630 4168 712 4218 innee
726 4170 797 4220 dans
811 4169 957 4230 l'homme;
971 4170 1140 4220 recherches
1154 4170 1202 4233 qui
1217 4170 1361 4221 laissaient
1377 4173 1419 4224 les
1433 4173 1535 4225 choses

413 4246 442 4291 et
458 4240 500 4290 les
516 4251 670 4302 personnes
686 4239 757 4290 dans
776 4240 836 4290 leur
854 4239 952 4290 ancien
974 4239 1031 4290 etat
1048 4246 1076 4290 et
1093 4242 1141 4304 qui
1158 4241 1303 4304 rejetaient
1320 4243 1362 4294 les
1383 4243 1533 4295 interlocu-

414 4316 492 4363 teurs
506 4311 576 4361 dans
593 4311 634 4360 les
650 4310 791 4362 subtilites
806 4310 914 4362 memes
931 4312 999 4362 dont
1013 4310 1127 4362 Socrate
1144 4312 1291 4373 s’eflorcait
1307 4314 1342 4364 de
1356 4315 1535 4370 debarraseer

411 4382 439 4433 la
453 4381 635 4448 philosophie.
653 4380 781 4448 (staplen
799 4382 962 4446 Biogrcplie
977 4383 1137 4436 universalia
1151 4398 1161 4434 .·
1177 4383 1335 4451 &charmi
