3544 5468
406 719 427 778 4
839 735 888 786 nu
910 731 1092 786 rnnroms

404 857 529 914 tantum
544 850 635 912 abest
648 855 684 912 ut
696 850 866 913 inhonesta
878 850 1098 930 flagitioseque
1107 849 1244 911 doceant
1254 853 1290 910 ut
1305 852 1416 910 contra
1428 863 1521 927 gene

405 964 546 1026 rosiores
566 981 637 1027 esse
649 965 832 1044 Protagorae
846 963 1021 1026 de‘virtute
1035 979 1150 1024 sensus
1169 979 1265 1040 quam
1284 961 1424 1024 Socratis
1439 961 1520 1023 Gro-

405 1085 457 1142 tus
472 1077 667 1143 contendere
688 1079 838 1160 potuerit.
864 1080 946 1153 Quin
971 1079 1077 1156 etiam,
1098 1078 1153 1144 ubi
1174 1078 1314 1140 Socratis
1333 1079 1428 1140 modo
1449 1095 1520 1141 cre-

404 1199 480 1259 bras
501 1197 736 1276 rogatiunculae
758 1196 1014 1268 consideramus,
1037 1195 1132 1256 modo
1160 1195 1270 1272 longas
1293 1193 1520 1272 explicationes

403 1309 491 1390 (nam
507 1311 609 1389 longis
624 1310 739 1388 etipse
755 1309 950 1372 orationibus
965 1307 1051 1370 haud
1066 1307 1167 1369 semel
1182 1307 1306 1388 utitur),
1323 1323 1397 1369 eum
1421 1307 1519 1368 multo

404 1427 505 1506 magis
520 1444 615 1506 quam
630 1428 836 1506 Protagoram
849 1427 883 1486 in
902 1424 1110 1487 cavillationis
1124 1424 1246 1485 crimen
1265 1424 1431 1486 incurrere
1446 1440 1521 1485 oon-

403 1543 531 1606 fitemur
549 1543 571 1603 ¹.
594 1543 675 1617 Quid
690 1544 775 1605 enim
799 1542 859 1602 sibi
880 1542 949 1603 vult
972 1542 1034 1602 hoo
1058 1541 1172 1602 crebro
1193 1546 1383 1618 usurpatum
1404 1547 1435 1601 et
1460 1557 1519 1618 pro

401 1659 569 1720 manifesto
588 1666 789 1736 assumptum
806 1674 814 1720 :
831 1665 880 1719 est
900 1674 994 1720 suum
1016 1657 1103 1718 omni
1126 1658 1172 1718 rei
1196 1658 1401 1729 contrarium,
1416 1674 1518 1720 unum

402 1770 529 1849 cuique,
550 1787 657 1848 neque
679 1771 743 1831 ulla
766 1786 818 1832 res
843 1770 875 1830 in
898 1786 994 1832 suum
1013 1769 1208 1830 contrarium
1229 1769 1372 1830 converti
1389 1768 1519 1847 potest?

400 1883 513 1947 Nonne
537 1886 570 1946 in
597 1886 696 1947 multa
716 1884 998 1964 argumentationis
1022 1883 1098 1944 vitia
1119 1882 1246 1957 incidit,
1272 1890 1368 1962 atque
1391 1901 1409 1944 a
1433 1884 1517 1946 dicto

402 2001 582 2063 secundum
597 2001 685 2081 quid,
702 2007 738 2063 ut
752 2000 910 2063 dialectici
924 2000 1045 2076 dicunt,
1056 1999 1207 2062 continuo
1222 2000 1335 2062 transit
1347 2001 1387 2062 ad
1397 2001 1518 2063 dictum

400 2118 611 2196 simpliciter?

438 2234 724 2312 Quantuscumque
737 2234 832 2312 igitur
850 2239 900 2295 est
919 2234 1010 2310 lepor
1024 2234 1119 2311 hujus
1134 2233 1356 2312 disputationis
1371 2235 1515 2299 Socratis

399 2349 553 2412 adversus
575 2350 758 2427 sophistas,
782 2349 841 2410 alia
864 2355 973 2411 tamen
997 2349 1072 2410 huic
1095 2348 1176 2410 libro
1205 2333 1310 2412 inesse
1339 2352 1512 2427 credimus,

336 2541 338 2546 Ι
399 2466 515 2545 quibus
538 2467 610 2544 plus
631 2465 782 2544 ponderis
808 2464 950 2527 tribuere
973 2464 1096 2539 deceat,
1122 2481 1227 2542 neque
1252 2471 1340 2528 tanta
1365 2470 1516 2548 marginis

398 2583 606 2645 admiratione
619 2583 762 2661 rapimur
775 2589 809 2644 ut
821 2583 964 2643 tabulam
974 2581 1077 2660 ipsam
1091 2582 1294 2644 considerare
1305 2585 1512 2676 negligamus.

399 2700 595 2762 Socraticam
617 2699 712 2780 igitur
736 2699 776 2760 de
800 2704 915 2760 natura
937 2698 1062 2759 virtutis
1085 2698 1261 2761 doctrinam
1280 2699 1314 2762 in
1333 2701 1514 2782 Protopora

399 2815 515 2894 exponi
530 2822 562 2876 et
577 2815 703 2877 defendi
718 2816 889 2877 oredimus.

438 2932 508 2992 Hoc
530 2930 613 2992 inter
634 2946 747 2992 omnes
767 2931 834 2992 fere
856 2929 1125 2992 commentatores
1145 2937 1281 3012 constat,
1301 2933 1516 3016 Protoporam

399 3048 440 3109 ad
453 3046 594 3108 Platonis
614 3049 814 3125 juventutem
836 3046 1040 3109 referendum
1062 3064 1134 3109 esse
1155 3054 1188 3110 et
1210 3049 1243 3109 in
1258 3050 1368 3127 primis
1383 3052 1518 3134 dialogis

332 3159 333 3164 ’
400 3164 632 3226 collocandum.
652 3163 733 3224 Sunt
755 3163 851 3226 eiiam
873 3166 928 3243 qui
950 3182 1025 3226 curn
1046 3164 1254 3228 Stallbaumio
1275 3169 1407 3230 credant
1430 3171 1518 3250 hunc

399 3279 517 3341 librum
531 3280 664 3342 Socrate
685 3280 790 3342 adbuc
808 3281 936 3343 vivente
955 3281 1053 3343 inisse
1075 3282 1240 3361 seriptum.
1255 3282 1325 3345 Non
1340 3285 1453 3346 eadem
1468 3293 1517 3348 est

400 3395 489 3458 Groti
506 3396 612 3476 opinio
628 3397 683 3475 qui
696 3397 821 3459 nullum
840 3397 1000 3477 dialogum
1019 3405 1093 3460 ante
1112 3398 1253 3460 Socratis
1273 3406 1409 3462 mortem
1428 3416 1519 3463 com-

401 3512 540 3592 positum
555 3518 587 3574 et
600 3511 827 3581 maturioribus
841 3513 1023 3593 philosophi
1038 3513 1131 3574 annis
1145 3514 1358 3592 Protaporam
1379 3516 1520 3580 tribuen-

401 3629 478 3691 dum
493 3645 564 3691 esse
583 3629 758 3691 contendit.
779 3630 961 3708 Utcumque
983 3646 1036 3692 res
1056 3630 1213 3706 sehabet,
1229 3631 1429 3696 Socraticum
1448 3649 1519 3695 esse

401 3752 504 3810 totum
524 3747 612 3808 hune
632 3745 750 3808 librum
773 3746 903 3809 minime
918 3746 1064 3809 dubitare
1083 3763 1265 3825 possumus.
1283 3749 1405 3810 Etenim
1426 3767 1519 3829 quae-

402 3879 543 3942 cumque
572 3861 625 3924 bio
654 3879 674 3922 a
703 3861 837 3926 Socrate
859 3862 1023 3942 proposita
1044 3831 1083 3925 et
1110 3863 1319 3942 comprobata
1346 3867 1518 3946 cernimus,

432 4033 458 4084 l.
473 4031 723 4084 Hoc-Stallbaumio
737 4045 793 4083 non
804 4031 963 4084 occurrisse
974 4030 1115 4092 miramur,
1127 4044 1215 4094 quum
1226 4030 1271 4082 bis
1284 4033 1416 4085 continuo
1428 4036 1521 4090 verbis

403 4109 497 4156 utatur
511 4119 516 4154 :
531 4123 543 4149 a
558 4103 631 4154 Satis
644 4105 768 4167 captiose
779 4104 959 4168 (Socratesl...
974 4107 1088 4167 repente
1099 4104 1134 4153 ad
1145 4103 1199 4153 alia
1213 4105 1414 4166 progreditur...
1426 4108 1520 4160 simili-

403 4175 457 4226 bus
469 4173 576 4238 laqueis
590 4174 732 4225 hominem
747 4175 881 4239 deinceps
896 4175 988 4226 denuo
1004 4174 1191 4225 irretiturus...
1205 4176 1307 4237 Arguta
1323 4176 1424 4240 dilogia
1438 4179 1521 4232 inter-

402 4251 556 4310 pocutorem
576 4244 606 4294 in
627 4246 754 4310 fraudem
778 4247 926 4297 inducit...
948 4245 1057 4296 ridendi
1081 4244 1255 4309 venandique
1278 4245 1416 4310 Sophistae
1435 4263 1522 4304 causa

404 4317 598 4381 gravissimam
615 4317 690 4368 illam
708 4319 875 4369 sententiam
890 4317 921 4367 in
940 4316 1139 4368 dubitationem
1155 4322 1266 4368 vocat...
1283 4319 1394 4382 Argutis
1412 4325 1513 4376 conclu
1608 4369 1609 4374 ,

406 4388 542 4439 siuneulis
558 4388 756 4455 (Protagoram)
768 4389 863 4440 deludi
878 4394 962 4453 atque
975 4389 1074 4440 callide
1089 4401 1122 4440 eo
1139 4389 1302 4454 promoveri.
1317 4405 1330 4440 r
1348 4391 1522 4460 (Stallbaum,

407 4460 514 4524 Prolep.
529 4459 566 4511 od
582 4457 703 4526 Proteo„
715 4462 843 4527 passim.)
