3544 5468
134 1176 157 1188 ,Ι
297 955 698 1140 Pilltltls
766 958 1307 1114 incitatius
1387 1140 1392 1145 ,

657 1764 952 1840 PROOEMIUM

283 2265 398 2326 Mirum
421 2266 455 2325 in
473 2243 616 2326 errorem
635 2263 816 2325 inciderunt
834 2264 985 2342 permulti
999 2263 1257 2326 doctissimorum
1272 2265 1359 2328 viro-

245 2399 318 2444 rum
332 2385 387 2460 qui
400 2381 440 2442 de
455 2381 587 2442 Socrate
601 2382 802 2460 scripserunt
820 2399 831 2440 t
847 2399 922 2441 nam
945 2381 996 2442 his
1019 2383 1126 2443 verbis
1144 2383 1269 2460 decepti
1288 2401 1361 2461 quae

244 2499 406 2561 dictitabat
434 2516 440 2560 :
472 2517 489 2558 a
518 2499 560 2560 Se
583 2499 662 2559 nihil
684 2499 779 2572 scire,
803 2499 882 2558 nihil
905 2498 1005 2559 ullum
1027 2499 1192 2559 hominem
1221 2482 1370 2578 uuquam⁴

244 2615 402 2687 docuisse,
415 2637 431 2670 »
447 2615 569 2676 nullam
579 2613 681 2675 fuisse
696 2630 753 2692 pro
773 2621 861 2675 certo
876 2613 1058 2675 habuerunt
1072 2614 1269 2676 Socraticam
1283 2616 1364 2677 doc·

243 2733 359 2794 trinam
379 2731 420 2792 ad
442 2747 539 2809 quam
562 2731 703 2792 animum
726 2730 940 2808 intenderent,
958 2748 1058 2809 quum
1071 2731 1141 2809 ipse
1155 2732 1362 2794 scientiarum

244 2866 283 2910 ac
297 2848 545 2910 ratiocinationis
558 2864 672 2925 parum
692 2847 849 2923 curiosus,
866 2847 907 2908 ad
926 2865 1053 2909 morum
1072 2866 1150 2910 usus
1171 2856 1204 2910 et
1225 2851 1362 2911 activam

142 2989 144 2994 ¹
242 2966 393 3028 virtutem
407 2972 491 3027 totas
505 2981 600 3026 curas
614 2965 831 3043 impendisset.
845 2965 905 3037 Qui
915 2982 1011 3043 quam
1026 2966 1139 3042 procul
1153 2984 1171 3026 a
1185 2983 1262 3028 vero
1280 2983 1364 3028 erra·

243 3083 347 3145 verint
372 3099 456 3143 unus
482 3098 501 3142 e
530 3081 689 3160 magistris
714 3081 843 3154 nostris,
870 3080 1091 3158 Xenophontis
1118 3083 1364 3162 praesertimque

245 3199 424 3261 Aristotelis
437 3198 619 3260 testimonio
635 3197 816 3260 felicissime
831 3215 921 3272 usus,
936 3197 1074 3260 dilucide
1088 3200 1236 3276 exposuit
1250 3199 1274 3260 ⁴.

285 3316 350 3378 Sed
363 3334 402 3378 ex
415 3317 478 3378 hoc
493 3315 585 3394 quasi
597 3315 685 3376 fonte
699 3314 790 3376 multi
804 3331 932 3376 necnon
944 3315 1123 3394 gravissimi
1144 3332 1272 3378 errores
1292 3332 1362 3377 ma·

243 3440 412 3496 naverunt.
429 3432 535 3504 Quum
554 3431 640 3492 enim
660 3432 694 3491 in
711 3430 874 3492 nonnullis
897 3431 1029 3510 dialogis
1047 3432 1110 3492 hoc
1136 3432 1197 3492 sibi
1217 3433 1364 3510 proposi-

242 3557 312 3612 tum
325 3549 414 3610 Plato
429 3549 556 3625 habeat,
572 3547 609 3609 ut'
623 3547 765 3625 magistri
776 3548 827 3608 sui
845 3547 1013 3625 opiniones
1031 3547 1064 3608 in
1086 3549 1193 3610 lucem
1211 3548 1362 3625 proferat,

245 3665 406 3747 quomodo
420 3663 585 3743 scriptoris
598 3671 740 3725 mentem
757 3664 803 3723 illi
825 3663 1003 3741 intelligere
1016 3664 1151 3742 possint,
1168 3665 1222 3743 qui
1237 3666 1362 3725 nullum

244 3783 329 3845 inter
342 3783 540 3862 dogmaticos
552 3780 760 3859 philosophos
777 3781 886 3841 locum
909 3781 1031 3861 Socrati
1052 3788 1205 3842 censeant
1218 3798 1291 3843 esse
1305 3781 1363 3842 tri·

244 3898 409 3960 buendum
421 3895 435 3956 l
448 3899 493 3959 Ea
505 3896 601 3975 igitur
614 3913 711 3958 causa
722 3895 780 3958 luit
795 3913 853 3958 cur
868 3898 1051 3976 complures
1064 3897 1206 3959 Platonis
1220 3898 1361 3976 dialogos

244 4015 389 4095 plerique
409 4020 679 4075 commentatores
701 4028 871 4091 perperam
893 4013 1093 4091 interpretati
1114 4015 1188 4093 sint,
1205 4013 1361 4092 quosdam

244 4132 351 4211 etiam,
366 4146 506 4210 quorum
523 4130 646 4192 nullam
659 4130 817 4191 rationem
837 4129 973 4192 reddere
992 4130 1165 4209 potuerint,
1181 4132 1273 4210 quasi
1287 4131 1363 4194 sub·
1446 4109 1452 4118 ”

243 4251 358 4312 ditivos
372 4253 405 4311 et
415 4245 543 4336 spurios
556 4245 821 4324 contempserint.

276 4468 299 4516 l.
314 4465 346 4516 V.
365 4467 398 4517 Α.
416 4463 547 4527 Fauillee
559 4463 600 4516 La
613 4463 783 4528 philosophie
797 4465 831 4516 dc
845 4463 965 4515 Socrate.
979 4465 1064 4530 Paris,
1079 4464 1152 4518 1874.

1207 4556 1219 4611 i
