3544 5468
697 685 921 740 raoruoona
1330 669 1371 731 35

250 801 369 882 quippe
384 801 439 882 qui
452 801 628 865 humanam
641 808 791 867 naturam
804 806 933 885 ponitus
945 804 1182 886 introspexerit,
1195 805 1315 886 quique
1325 805 1367 867 de

250 918 348 980 animi
362 917 529 983 affectibus
543 920 722 1000 saepissime·
738 922 958 1002 disputaverit.
973 921 1039 986 Sed
1051 923 1093 986 de
1104 921 1233 984 illorum
1248 920 1367 984 affectu

251 1035 346 1115 louge
360 1037 421 1099 alia
434 1037 479 1098 illi
497 1051 590 1102 mens
613 1043 663 1102 est
684 1055 782 1118 quam
795 1039 958 1107 Aristoteli
970 1041 1148 1120 multoque,
1170 1046 1280 1102 nostra
1293 1039 1368 1120 qui-

251 1151 323 1214 dem
340 1154 509 1231 sententia,
524 1155 639 1220 verior.

289 1269 361 1332 Non
375 1271 461 1334 enirn
477 1289 538 1334 nos
558 1273 636 1335 fallit
658 1287 724 1336 non
748 1274 855 1337 minus
873 1276 1028 1338 momenti
1045 1276 1080 1336 in
1097 1274 1216 1338 nostris
1236 1273 1365 1353 iudiciis

251 1385 386 1451 affectus
412 1405 510 1468 qnam
536 1388 570 1451 in
593 1389 761 1454 affectibus
781 1391 902 1471 judicia
928 1392 1060 1455 habere.
1088 1391 1233 1455 Summae
1255 1391 1367 1454 insunt

250 1506 404 1583 voluptati
416 1505 590 1583 illecabrae,
605 1523 712 1587 neque
724 1523 784 1570 nus
798 1509 963 1600 continere
981 1525 1165 1590 possumus,
1182 1509 1261 1588 quin
1278 1509 1367 1572 illam

249 1621 367 1684 bonam
395 1639 468 1685 esse
488 1623 691 1702 judicemus,
712 1640 815 1706 eaque
841 1625 927 1690 bona
952 1625 1128 1703 ducamus,
1152 1641 1369 1705 quaecumque

249 1740 422 1819 voluptatis
435 1740 554 1820 aliquid
567 1739 713 1804 afferant.
729 1743 775 1804 Ex
788 1743 876 1805 omni
889 1745 1054 1823 voluptate
1073 1743 1246 1824 propensio
1265 1743 1370 1806 oritur

250 1874 325 1936 quae
353 1857 504 1921 continuo
531 1858 709 1936 invalescit,
737 1860 841 1923 donec
867 1861 901 1922 iu
927 1860 1090 1924 libidinem
1117 1865 1270 1924 vertatur.
1298 1861 1369 1934 Quo

251 1975 352 2054 magn
365 1992 428 2040 nos
440 1975 590 2057 quaedam
609 1994 662 2040 res
682 1976 832 2056 delectat,
849 1994 914 2057 quo
935 1979 1009 2058 plus
1026 1978 1104 2041 boni
1126 1994 1198 2041 eam
1217 1977 1370 2058 amplecti

249 2092 473 2173 perspicimus,
487 2111 552 2174 quo
567 2094 668 2174 magis
688 2095 722 2156 iu
736 2093 977 2158 considerandis
996 2095 1081 2158 illius
1098 2095 1271 2158 virtutibus
1284 2095 1367 2158 deti-

250 2217 346 2274 netur
358 2219 391 2275 et
404 2213 522 2292 gaudet
535 2220 646 2276 noster
660 2213 798 2293 animus,
814 2230 854 2277 eo
872 2214 980 2277 minus
997 2230 1147 2294 quaenam
1163 2214 1239 2276 vitia
1252 2213 1370 2277 habeat

250 2328 434 2392 discernere
458 2329 615 2392 valemus.
639 2331 721 2404 Quae
743 2330 866 2393 nullam
884 2330 1132 2394 delectationem·
1149 2329 1268 2410 ierunt,
1294 2347 1368 2410 quae

249 2446 411 2509 nosnullo
425 2445 523 2509 modu
540 2452 684 2524 movent,
703 2447 864 2527 quomodo
882 2446 976 2510 nobis
994 2447 1029 2508 in
1047 2454 1190 2510 mentem
1207 2447 1315 2509 veniat
1333 2455 1371 2510 ut

249 2568 369 2626 attente
393 2563 659 2627 consideremus?
677 2563 746 2628 Irno
774 2563 882 2627 omnia
904 2580 945 2627 ex
969 2563 1086 2643 quibus
1108 2562 1228 2626 doloris
1251 2563 1371 2644 aliquid

250 2681 433 2762 accepimus
454 2683 665 2746 vehementer
689 2684 877 2757 avertimus,
891 2699 998 2762 neque
1022 2681 1198 2762 quidboni
1221 2697 1370 2762 compre·

250 2800 393 2864 hendere
405 2808 525 2882 queant
538 2803 750 2883 suspicamur.
766 2801 860 2865 Unde
873 2801 911 2865 fit
924 2807 960 2865 ut
973 2817 1087 2882 quum,
1103 2817 1218 2864 unare
1238 2802 1323 2881 capti
1337 2809 1370 2865 et

251 2918 343 2998 quasi
357 2918 506 2995 devincti,
525 2919 694 2982 collatione
714 2937 882 3000 nunquam
899 2925 1039 2997 utamur,
1055 2935 1129 2998 quae
1151 2935 1229 2982 vere
1249 2920 1370 2997 optima

155 3071 158 3074 -
251 3036 315 3098 sint
327 3036 512 3098 discernere
531 3052 731 3115 nequeamus
745 3035 769 3097 ¹.
781 3035 830 3098 lta
847 3053 922 3113 nos,
939 3042 976 3099 ut
995 3035 1142 3099 edisserit
1160 3035 1328 3100 Lueretius
1342 3032 1367 3112 ²,

251 3151 393 3215 afficiunt
405 3153 502 3216 animi
516 3158 635 3232 motus,
650 3160 687 3217 ut
705 3160 795 3216 recte
810 3153 984 3232 iudicando
998 3153 1139 3233 impares
1150 3151 1268 3216 flamus
1284 3171 1292 3216 :
1313 3159 1372 3234 qui

250 3275 358 3332 autem
372 3270 481 3332 multis
498 3269 684 3332 libidinibus
700 3270 835 3334 inservit
851 3286 965 3333 verum
986 3270 1027 3332 de
1045 3269 1134 3332 nulla
1153 3285 1190 3332 re
1208 3270 1370 3334 internos·

250 3405 326 3452 cere
346 3394 454 3468 potest
475 3387 499 3448 ³.
515 3388 667 3469 Sequitur
688 3394 725 3451 ut
746 3406 812 3453 non
833 3390 958 3450 minure
978 3387 1089 3450 labore
1113 3401 1197 3468 opus
1213 3389 1256 3452 sit
1277 3395 1314 3452 ut
1336 3391 1371 3452 in

250 3507 368 3570 virtute
385 3522 631 3585 perseveremus
649 3523 748 3586 quam
767 3512 803 3569 ut
823 3505 865 3567 ad
887 3521 961 3568 eam
982 3522 1043 3568 nos
1065 3504 1244 3586 erigamus;
1270 3525 1371 3588 quum

281 3660 309 3711 1.
327 3660 483 3723 Demades,
498 3659 587 3711 lettre
600 3661 618 3710 ὰ
630 3659 670 3711 M.
683 3659 803 3711 Chcnut.
823 3659 948 3724 Lorsque
962 3657 1043 3710 l'ame
1056 3659 1123 3722 juge
1138 3656 1223 3722 qu'un
1239 3656 1314 3720 objet
1326 3660 1370 3707 est

250 3732 334 3795 dique
348 3733 438 3796 d'elle,
448 3733 510 3784 cala
523 3733 636 3796 dispone
651 3732 824 3782 incontinent
834 3732 862 3782 le
872 3744 952 3782 coeur
963 3744 1019 3781 aux
1029 3734 1224 3781 mouvements
1237 3729 1285 3794 qui
1298 3728 1370 3779 exci-

250 3807 310 3853 tent
322 3804 350 3853 la
361 3804 476 3868 passion
487 3804 620 3866 d'emcur,
631 3809 669 3865 et,
681 3804 795 3867 lorsque
809 3804 837 3852 le
852 3815 932 3854 coeur
948 3814 980 3852 se
995 3806 1093 3852 trouve
1106 3801 1179 3852 ainsi
1194 3799 1307 3862 dispose
1321 3808 1370 3862 par

250 3874 372 3926 d’autres
394 3887 504 3936 causes,
525 3875 587 3926 cela
605 3875 654 3925 tait
670 3889 725 3940 que
742 3875 823 3924 l'ame
841 3873 962 3936 imagine
977 3872 1028 3922 des
1045 3872 1165 3936 qualitas
1180 3871 1314 3922 aimables
1333 3883 1368 3920 eu

248 3946 300 3998 des
316 3945 407 4009 objets
420 3947 457 3996 uir
473 3948 526 3998 elle
541 3961 576 3998 ne
590 3948 693 3997 verrait
704 3960 759 4011 que
773 3947 824 3996 des
838 3943 949 3994 detauts
962 3957 998 3993 en
1010 3957 1050 3993 un
1065 3948 1146 3994 autre
1160 3948 1259 4005 temps.

277 4017 302 4068 2'.
315 4017 345 4067 Τ.
358 4017 503 4067 Lucretius
517 4018 613 4080 Carus,
626 4017 666 4068 De
678 4018 741 4069 Rer.
753 4017 830 4078 Not,
844 4015 886 4077 IV,
899 4013 963 4066 1146
977 4029 1019 4079 sq.
1031 4013 1070 4064 Cf.
1082 4013 1203 4075 nouere,
1212 4011 1369 4072 Miaantlrr„

247 4093 310 4140 aete
324 4087 359 4149 ll,
375 4100 416 4139 sc.
433 4099 462 4148 v,
479 4087 526 4139 708
542 4103 587 4152 sq.
914 4082 926 4104 '

277 4155 301 4208 3.
315 4155 395 4218 Κέω,
409 4156 501 4219 Mam„
518 4158 603 4220 1v,v‚
619 4157 644 4209 6.
660 4158 753 4224 Σοφίαν
768 4157 794 4210 δὲ
812 4159 841 4208 τὸ
859 4157 974 4223 μέγιστον
996 4151 1087 4221 ἀγαθὸν
1100 4149 1131 4204 οὗ
1144 4155 1213 4203 δοκεῖ
1226 4171 1266 4204 σοι
1284 4146 1370 4220 ἆπείρ-

245 4247 328 4298 γουσα
337 4237 386 4281 τῶν
399 4225 533 4298 ἀνθρώπων
545 4225 562 4294 ἣ
575 4226 685 4298 ἀκρασία
696 4227 729 4288 εἷς
740 4227 878 4281 τούναντίον
890 4223 978 4286 αὐτοὺς
990 4223 1131 4294 {piniti-sm
1143 4223 1227 4286 -IV,
1239 4234 1266 4286 v,
1278 4227 1316 4286 10,
1329 4227 1369 4274 tr.

245 4301 304 4358 Τοῖς
317 4296 447 4367 ἐγκρατέσι
466 4303 547 4368 μόνοις
561 4303 638 4360 ἔξεστι
655 4311 756 4354 σκοπεῖν
772 4301 804 4352 τὰ
818 4300 941 4368 κράτιστα
951 4308 1000 4351 τῶν
1011 4296 1173 4367 πραγμάτων,
1187 4297 1230 4346 καὶ
1245 4297 1310 4363 ἔργῳ
1325 4315 1368 4347 και

246 4372 314 4439 λόγῳ
330 4372 485 4437 διαλέγοντας
500 4373 566 4424 κατὰ
579 4374 637 4439 γένη
653 4373 685 4424 τὰ
702 4374 744 4438 μὲν
759 4368 840 4438 ἀγαθὰ
854 4375 1034 4440 προαιρεῖσθαι,
1049 4375 1098 4420 τῶν
1114 4367 1141 4420 δὲ
1154 4375 1240 4420 κακῶν
1257 4363 1368 4436 &ck-pac*-

248 4447 296 4495 θαι.
312 4470 342 4479 -
357 4442 459 4505 1‚v,4.
474 4441 527 4508 Τὴν
544 4441 686 4513 ἐγιρατείαν
699 4441 788 4512 ἀρετῆς
801 4447 917 4512 αρηπίδα.
