3544 5468
709 706 932 759 eaornccnn
988 711 991 720 ¹
1339 687 1381 748 25

263 832 348 893 Nihil
361 831 448 892 aliud
461 837 511 893 est
523 830 609 892 bene
621 845 717 908 agere
737 828 798 890 nisi
816 827 893 906 quid
911 828 1034 889 honum
1053 826 1095 888 sit
1114 839 1325 904 cognoscere3
1340 841 1379 886 ea

260 947 406 1010 scientiae
423 947 473 1008 vis
493 951 544 1008 est
562 945 703 1007 utnulla
721 945 782 1006 alia
803 960 841 1007 re
860 944 901 1006 ad
924 943 1009 1006 bene
1030 941 1204 1004 vivendum
1225 957 1308 1019 opus
1325 942 1376 1016 sit,

262 1082 370 1145 neque
386 1064 485 1126 alium
498 1063 592 1126 nohis
604 1061 703 1125 finem
717 1077 898 1141 proponere
910 1060 1078 1136 dehemuS,
1090 1060 1152 1121 nisi
1164 1066 1201 1123 ut
1212 1059 1380 1122 scientiam

260 1182 498 1262 adipiscamur:
514 1179 582 1263 ᾤετο
600 1169 671 1240 εἶναι
684 1179 759 1248 τέλος
773 1177 804 1239 τδ
822 1179 974 1258 γιγνώσκειν
992 1176 1040 1250 νην
1053 1177 1148 1260 ἀρετήν
1162 1176 1186 1237 ⁴.
1201 1179 1257 1240 Eae
1275 1184 1382 1239 autem

263 1317 340 1381 quae
367 1298 532 1360 hominem
561 1298 729 1359 meliorem
754 1297 904 1376 praehere
935 1301 1101 1376 nequeunt
1127 1302 1160 1357 et
1185 1295 1219 1356 in
1245 1310 1382 1374 pravum

262 1415 493 1480 usumdefleoti
505 1418 653 1494 possunt,
663 1415 882 1491 scientiarum,
895 1413 960 1476 imo
976 1413 1093 1475 artium
1105 1413 1236 1475 nomine
1250 1410 1382 1476 minime

263 1534 368 1613 dignae
383 1538 460 1594 sunt
473 1531 496 1592 ².

303 1649 388 1710 Nihil
409 1647 615 1728 praetermisit
637 1647 790 1731 Sporates
809 1653 846 1708 ut
869 1646 1054 1726 opinionem
1077 1662 1169 1708 suam
1192 1662 1291 1721 quam
1312 1644 1381 1705 dis·

264 1766 454 1829 tinctissime
468 1765 625 1844 aperiret3
640 1781 747 1843 neque
766 1781 863 1844 quam
883 1765 947 1826 late
965 1768 1102 1844 pateret,
1118 1763 1248 1842 quidex
1268 1780 1307 1825 ea
1328 1780 1381 1825 se·

266 1889 430 1963 queretur,
445 1888 665 1960 quantumque
685 1899 703 1942 a
723 1883 887 1942 communi
908 1881 1059 1960 opinione
1074 1880 1243 1942 dissideret
1255 1880 1383 1960 ignora-

265 2003 326 2078 vit;
341 2016 506 2080 quumque
524 2015 599 2062 eum
621 1998 871 2078 haudquaquam
889 1997 1014 2077 fugeret
1028 1998 1105 2078 quid
1119 1998 1272 2060 adversus
1287 1997 1383 2060 talem

265 2117 464 2196 disciplinam
480 2114 576 2194 objici
588 2120 709 2192 posset,
722 2131 781 2176 cur
794 2115 828 2174 in
847 2131 887 2177 ea
899 2105 1122 2193 perseveraret
1135 2115 1292 2193 exposuit.
1307 2114 1383 2176 Dic·

266 2235 360 2295 litant
382 2232 468 2294 enim
489 2231 636 2310 plerique
657 2231 826 2293 hominum
846 2248 1024 2310 eorumque
1048 2232 1143 2294 etiam
1168 2233 1224 2310 qui
1247 2231 1384 2292 multum

268 2351 301 2410 in
314 2347 516 2428 philosophia
528 2350 647 2411 versati
665 2355 741 2411 sunt
760 2349 976 2410 necessariam
996 2365 1068 2410 esse
1082 2349 1122 2410 ad
1135 2348 1303 2410 colendam
1316 2349 1383 2409 vir-

269 2471 370 2526 tutem
388 2465 465 2526 boni
485 2465 747 2542 intelligentiam3
763 2464 899 2525 multum
919 2465 1014 2544 pretii
1035 2465 1220 2526 hominibus
1237 2464 1384 2526 conferre

268 2581 434 2644 scientiam
448 2580 655 2659 confitentur,
672 2581 837 2642 meliorem
859 2598 931 2643 esse
954 2599 1030 2643 eum
1051 2583 1144 2660 cujus
1166 2598 1260 2643 mens
1278 2588 1383 2645 atten-

267 2698 332 2760 tius
350 2695 476 2760 exculta
494 2698 551 2773 sit;
566 2697 685 2759 multas
707 2698 835 2776 culpas·
846 2699 947 2759 multa
966 2698 1042 2759 vitia
1060 2715 1101 2759 ex
1121 2697 1301 2776 ignorantia
1319 2699 1384 2760 ori·

266 2816 373 2894 quem
387 2831 504 2893 capere
521 2832 529 2876 :
549 2815 609 2877 sed
622 2815 684 2877 alia
697 2832 771 2877 esse
793 2816 993 2878 contendunt
1014 2832 1088 2895 quae
1107 2815 1180 2895 plus
1195 2816 1290 2878 etiam
1305 2834 1386 2896 pon-

267 2932 353 2994 deris
365 2933 516 2994 habeant.
536 2933 617 2996 Nam
636 2933 732 3012 vulgo
754 2933 896 2996 creditur
916 2950 990 2996 esse
1014 2950 1114 3012 quum
1138 2934 1192 2994 ille
1213 2934 1309 2995 etiam
1333 2936 1389 3014 qui

266 3053 344 3114 boni
366 3052 532 3115 scientiam
554 3053 672 3115 haheat
693 3053 866 3132 voluptatis
889 3053 1049 3116 illecebris
1072 3054 1219 3118 vincatur
1247 3054 1387 3118 libidini-

266 3168 393 3247 busque
412 3167 581 3244 ι’ίιρίθλιιι*3
599 3184 606 3226 :
623 3169 697 3227 δοκεῖ
716 3165 745 3228 δὲ
764 3173 821 3234 τοῖς
839 3169 950 3234 πολλοῖς
969 3167 1029 3248 περὶ
1048 3167 1197 3246 ἐπισιημης
1216 3167 1333 3228 τοιοῦτόν
1350 3194 1387 3245 τι,

267 3285 316 3342 οὐκ
338 3279 444 3364 ἰσχυρόν
466 3280 528 3341 οὔδ’
544 3284 717 3361 ἡγεμονικόν,
742 3282 804 3342 οὐδ’
829 3281 937 3365 ἀρχικὸν
960 3273 1031 3342 εἶναι
1054 3280 1112 3342 οὐδὲ
1135 3287 1171 3350 ὡς
1195 3281 1255 3364 περὶ
1273 3281 1392 3342 τοιόυτου

268 3400 349 3458 αὐτοῦ
362 3397 435 3464 ὄντος
448 3399 622 3475 διανοοῦνται,
638 3397 707 3458 ἀλλὰ
722 3399 851 3465 πολλάκις
871 3397 977 3472 ἐνούσης
995 3397 1122 3483 ἀνθρώπῳ
1138 3399 1285 3480 ἐπιστήμης
1299 3403 1330 3460 οὔ
1343 3400 1390 3474 ιην

267 3512 416 3590 θπιστήμην
429 3513 510 3570 αὐτοῦ
522 3510 625 3594 ἄρχειν,
641 3511 709 3572 ἀλλ’
723 3513 789 3572 ἄλλο
803 3538 841 3590 τι,
855 3513 917 3575 τότε
934 3511 983 3594 μὲν
1000 3513 1092 3594 θυμόν,
1108 3512 1169 3575 τότε
1187 3515 1316 3591 δ’ἡδονὴν,
1331 3513 1390 3576 τότε

269 3625 297 3687 δὲ
318 3628 414 3702 λύπην,
434 3627 515 3686 ἐνίαιε
537 3624 662 3709 δ’ἔρωτα,
682 3629 810 3696 πολλάκις
832 3628 861 3690 δὲ
885 3626 975 3714 ρόὸσν,
994 3633 1113 3711 ἀτεχνῶς
1137 3629 1314 3711 διανοούμενοι
1334 3631 1391 3714 περὶ

269 3747 318 3817 τῆς
342 3742 498 3822 επιστ-η’μης,
524 3741 612 3826 ὥσπερ
635 3743 695 3828 περὶ
722 3745 902 3826 ἀνδραπόδου,
927 3746 1130 3829 περιελκομένης
1156 3747 1207 3808 ὑπὸ
1230 3752 1282 3808 τῶν
1303 3747 1391 3808 ἄλλων

269 3860 375 3921 πάντων
399 3860 421 3918 ⁸.
438 3860 516 3933 Quae
538 3860 625 3940 vulgi
648 3862 756 3940 opinio
780 3881 897 3927 avero
919 3865 1103 3945 longissime
1129 3866 1245 3929 abesse
1266 3868 1391 3931 Socrati

303 4030 325 4076 l.
342 4025 436 4086 Arist,
452 4025 522 4075 Etl.
540 4024 625 4085 Eua,
642 4027 663 4087 1,
681 4040 710 4088 v,
728 4027 788 4079 1216
804 4029 828 4091 b,
845 4029 873 4078 θ.

299 4099 323 4149 2.
338 4098 426 4161 Plato,
442 4096 570 4158 Pnaeur„
585 4097 633 4149 260
648 4113 671 4149 e.
690 4100 781 4166 Gorg„
798 4101 846 4152 463
861 4102 887 4163 b,
901 4101 947 4153 465
960 4117 986 4152 α.

300 4169 462 4233 3..,Pro'ta9
476 4168 566 4219 35215.

301 4243 325 4291 4.
340 4242 461 4304 Protaq.‚
473 4239 562 4290 35211.
578 4243 611 4293 Οἱ
625 4247 713 4296 πολλοὶ
725 4252 773 4297 τῶν
789 4241 942 4314 οἰνθρώπων’
932 4251 988 4313 epol
997 4268 1023 4300 τε
1034 4250 1076 4299 καὶ
1091 4250 1131 4299 col
1145 4268 1174 4300 cu
1184 4251 1314 4310 πείθονται,
1328 4245 1392 4301 ἀλλὰ

273 4314 379 4371 πολλὸυς
397 4332 457 4399 ρασι
473 4316 654 4378 γιγνώσκοντας
668 4316 699 4368 τὰ
717 4315 883 4382 §thermas
856 4339 876 4368 o
874 4339 903 4369 ικ
916 4315 1002 4371 ἐθέλειν
997 4321 1140 4412 πράττειγ,
1158 4316 1211 4378 ἐξον
1228 4317 1318 4382 αὐτοις,
1335 4316 1393 4372 ἀλλ’

276 4384 340 4434 ἄλλοι
355 4384 507 4450 πράττειν....
525 4382 610 4434 ffic.
627 4388 721 4452 θέμενοι
739 4386 810 4438 δὲ”
781 4407 846 4439 ουτω
865 4390 1008 4458 λέγωμεν”
995 4411 1032 4444 οτι
1053 4393 1198 4458 γιγνώσκων
1218 4391 1385 4460 ἅνθρωπος
1361 4411 1392 4444 τα

275 4455 343 4508 κακὰ
358 4453 395 4507 ὅτι
409 4456 477 4506 κακὰ
493 4452 558 4506 ἐστιν
575 4457 642 4520 ὅμως
657 4466 736 4511 ταῦτα
748 4469 821 4514 ποιεῖ,
