3544 5468
404 663 445 725 tc
836 679 884 730 nn
906 676 1089 730 spirutus

404 797 494 860 ribus
512 801 586 877 apte
604 802 782 878 congruent
805 813 993 878 moremque
1013 798 1129 862 rationi
1148 804 1271 876 gerant,
1287 815 1326 860 ea
1340 815 1417 862 vero
1436 801 1521 866 mala

404 912 621 993 deformiaque
644 913 782 976 aestimat
801 929 1016 994 quaecumque
1039 920 1151 977 contra
1178 914 1283 994 legem
1307 919 1339 977 et
1361 916 1518 980 rationem

403 1031 481 1094 fiant
495 1030 658 1113 (παράνομα,
675 1026 838 1113 παράλογα).

349 1155 353 1162 ’
442 1148 541 1210 Plane
560 1165 636 1228 ergo
658 1149 821 1210 Socratica
843 1152 893 1210 est
913 1150 1088 1211 stoicorum
1108 1147 1266 1211 sententia
1281 1167 1289 1212 :
1305 1157 1466 1227 naturam,
1486 1156 1521 1214 et

401 1281 475 1328 eam
489 1265 674 1343 humanam,
691 1271 845 1344 sequatur
859 1264 910 1326 cui
930 1263 1013 1326 bene
1030 1280 1125 1342 agere
1144 1263 1232 1326 cordi
1246 1271 1307 1327 est.
1321 1264 1403 1326 Nam
1420 1283 1519 1343 quum

402 1381 478 1443 boni
502 1383 674 1444 essentiam
697 1380 911 1444 deliniendam
926 1380 1087 1460 {Socrates
1112 1380 1172 1442 sibi
1194 1382 1417 1460 proposuerit,
1442 1382 1522 1444 nihil

401 1498 485 1561 inter
493 1499 578 1560 illius
590 1498 781 1560 sententiam
795 1497 901 1560 differt
916 1505 948 1559 et
961 1498 994 1559 id
1008 1497 1095 1575 quod
1105 1497 1197 1559 stoici
1207 1497 1385 1576 perlectum
1398 1497 1522 1562 honum

404 1613 585 1696 (κατόρθωμα)
607 1615 849 1695 appellaverunt
871 1632 877 1674 :
901 1614 987 1693 quod
1007 1613 1133 1692 utrique
1152 1630 1191 1677 ex
1212 1619 1300 1676 recta
1319 1613 1442 1677 ratione
1464 1614 1520 1679 de-

402 1734 611 1811 scripserunt.

441 1849 533 1923 Quod
545 1851 572 1911 si
586 1855 711 1912 rectum
725 1848 771 1911 do¹
780 1843 887 1928 aliquo
894 1848 1049 1927 judicium
1064 1847 1147 1910 ferre
1161 1853 1193 1910 el
1207 1849 1317 1927 quanti
1332 1850 1465 1930 quisque
1478 1851 1520 1914 sit

401 1966 581 2047 ponderare
599 1967 757 2043 volumus,
775 1983 839 2027 non
861 1966 965 2027 solum
984 1965 1024 2026 ad
1046 1965 1129 2027 facta
1146 1963 1217 2044 ipsa
1236 1966 1294 2028 sed
1312 1967 1353 2027 ad
1372 1973 1519 2047 tempora

402 2090 434 2145 et
452 2099 566 2145 causes
586 2083 747 2162 respicere
768 2088 801 2144 et
819 2081 911 2160 quasi
932 2055 1096 2143 materiam
1123 2081 1273 2143 facinoris
1294 2083 1400 2144 minus
1421 2101 1517 2163 quam

400 2201 535 2262 formam
545 2199 747 2262 considerare
758 2198 913 2260 debemus
926 2198 1070 2277 nullique
1082 2216 1224 2276 unquam
1236 2198 1311 2261 boni
1325 2201 1384 2262 viri
1397 2218 1517 2264 nomen

400 2317 552 2394 tribuere,
568 2316 628 2378 nisi
642 2333 680 2378 ea
693 2317 762 2395 ipsa
777 2334 851 2395 quae
865 2317 945 2378 ratio
958 2316 1088 2394 jusserit
1104 2317 1283 2394 perfecerit.

440 2434 543 2506 Quam
566 2434 683 2495 mirum
704 2433 738 2495 in
756 2434 886 2495 mudum
908 2434 968 2493 ista
987 2432 1129 2494 Socratis
1147 2432 1292 2494 doctrina
1310 2449 1384 2495 cum
1409 2435 1515 2497 Kantii

399 2550 549 2612 institutis
568 2550 747 2628 conveniat,
768 2549 839 2629 quis
858 2565 922 2611 non
943 2545 1121 2626 perspicit?
1143 2547 1225 2610 Huic
1249 2549 1334 2611 enim
1358 2567 1423 2612 non
1442 2567 1514 2614 eam

399 2683 472 2728 esse
485 2666 639 2728 moralem
661 2668 765 2744 legem
784 2666 890 2744 placet
908 2681 981 2742 quae
1001 2681 1060 2724 nos
1084 2680 1120 2724 ea
1140 2680 1214 2741 quae
1228 2662 1313 2726 hona
1331 2665 1394 2728 sint
1407 2665 1513 2730 lacere

396 2783 525 2862 jubeat,
549 2782 607 2846 sed
628 2799 667 2845 ea
689 2782 774 2845 bona
797 2797 869 2843 esse
895 2797 969 2859 quae
992 2781 1063 2858 lege
1088 2781 1200 2842 morali
1229 2782 1516 2859 praeseribanturl.

397 2903 505 2976 Quum
528 2909 636 2964 autem
659 2917 723 2965 una
749 2900 927 2977 eademque
950 2899 1001 2961 lex
1025 2898 1174 2962 omnibus
1199 2897 1394 2979 imponatur,
1419 2903 1515 2982 quod,

399 3025 559 3100 patratum
581 3039 600 3082 a
623 3035 686 3095 me,
700 3018 822 3080 bonum
842 3031 914 3076 esse
933 3014 1173 3094 pronunciatur,
1188 3016 1252 3078 hoc
1269 3016 1355 3078 idem
1374 3033 1515 3101 semper,

399 3137 432 3199 in
451 3135 600 3199 omnihus
627 3134 737 3209 terris,
764 3132 1031 3213 quotiescumque
1056 3131 1168 3194 similis
1191 3149 1301 3205 rerum
1329 3140 1430 3197 status
1457 3153 1514 3199 oc·

400 3258 525 3333 curret,
545 3254 667 3316 honum
687 3251 795 3314 vocari
818 3249 964 3327 debebit;
989 3267 1095 3328 neque
1120 3255 1207 3313 reete
1232 3267 1345 3329 egero,
1369 3252 1430 3313 nisi
1452 3254 1516 3317 hoc

397 3371 484 3434 ‘idem
503 3368 687 3448 perficiendi
708 3367 795 3430 omni
815 3367 882 3429 viro
904 3367 969 3445 qui,
990 3366 1084 3427 simili
1108 3366 1215 3429 indole
1238 3368 1393 3445 proeditus
1416 3369 1450 3432 in
1468 3371 1514 3431 si-

400 3489 509 3551 milem
523 3485 736 3550 conditionem
749 3490 782 3547 et
793 3490 976 3563 temporum
992 3499 1187 3546 coneursum
1200 3483 1358 3561 inciderit,
1374 3484 1513 3569 officium

396 3602 614 3685 injungaturl.
632 3602 725 3665 Errat
739 3602 793 3682 qui
812 3606 903 3679 putat
920 3601 983 3662 hoc
1001 3600 1122 3663 bonum
1144 3616 1217 3664 esse
1237 3602 1323 3680 quod
1344 3602 1516 3682 unicuique

399 3723 553 3788 videatur.
578 3716 748 3782 Hominem
772 3716 916 3780 omnium
936 3733 1123 3784 mensuram
1148 3733 1219 3780 esso
1242 3715 1389 3800 (ἄνθρωπον
1412 3718 1517 3780 πάντων

433 3926 455 3972 l.
473 3921 552 3980 liant,
568 3918 657 3969 Kritilc
674 3918 722 3969 cler
734 3915 907 3980 pruktirchen
926 3915 1070 3979 Varnunft,
1087 3917 1273 3977 Rosenkranz,
1286 3932 1313 3982 p.
1329 3918 1386 3971 183.
1403 3919 1456 3971 Der
1469 3919 1516 3970 Be·

400 3993 465 4056 grin
476 3994 526 4044 des
543 3990 633 4042 Guten
649 3991 706 4041 und
722 3989 811 4042 Bitsen
827 3988 904 4039 nicht
919 4001 969 4039 vor
982 3989 1046 4039 dem
1060 3989 1244 4041 moraliaehen
1260 3993 1377 4042 Gesetze
1395 3992 1516 4054 (demes

400 4066 465 4115 dem
479 4062 617 4114 dnsoliein
637 4061 709 4122 nach
725 4073 808 4123 sogar
825 4073 890 4109 zum
904 4058 1015 4110 Grunde
1029 4061 1120 4123 gelent
1138 4062 1249 4112 werden
1265 4063 1394 4126 miisste),
1414 4062 1516 4113 sunder

401 4150 454 4187 nur
467 4135 531 4198 (wie
546 4135 607 4186 hier
623 4133 695 4185 auch
713 4131 869 4196 geschicht)
887 4131 959 4183 nach
976 4131 1137 4183 demselben
1152 4133 1209 4183 und
1225 4133 1314 4185 durch
1327 4133 1456 4186 dasselbe
1469 4133 1515 4185 he·

400 4207 508 4260 stimmt
523 4207 634 4257 werden
649 4205 758 4256 miisse.

431 4277 456 4328 2.
471 4278 551 4338 Kant,
567 4276 761 4339 Grandlepunp
780 4287 827 4323 aur
847 4273 1020 4339 Metoplprilc
1036 4273 1084 4324 der
1103 4271 1192 4327 Sittena
1206 4275 1391 4340 (sammtliclre
1404 4276 1517 4338 werke,

401 4349 588 4409 Rosenkranz,
607 4347 676 4407 Vlll,
696 4345 948 4410 peritisssimi
967 4345 1039 4398 auch
1058 4345 1157 4399 wellen
1172 4347 1273 4411 kenne,
1291 4347 1382 4403 moine
1401 4348 1518 4402 Maxime

401 4421 471 4473 solle
485 4422 529 4472 ein
542 4419 720 4483 allgemeines
734 4417 833 4470 Gesetz
848 4418 968 4470 werden.
