3544 5468
701 1715 846 1797 CAPUT
875 1719 921 1792 ΙΙΙ

346 2023 426 2079 QUID
448 2021 623 2072 ADVERSUS
643 2017 803 2071 soanl‘ls
823 2021 1009 2070 opimum
1030 2021 1133 2069 ommi
1153 2019 1281 2069 sonuli·

253 2282 274 2332 Ι.
284 2279 358 2333 Num
368 2292 402 2330 ea
411 2291 535 2343 unquam
545 2277 671 2329 volantes
681 2277 817 2329 iaciamus
828 2291 893 2342 quae
904 2278 978 2329 mala
991 2292 1056 2330 esse
1068 2279 1200 2332 sciamus.
1211 2309 1241 2317 -
1252 2279 1287 2332 ll.
1298 2281 1372 2332 Num

283 2352 420 2401 adverm
440 2349 545 2400 mentis
559 2351 665 2400 accim
682 2348 788 2412 judicia
810 2349 896 2400 animi
917 2360 1021 2404 sensns
1042 2350 1185 2402 decertare
1205 2351 1324 2414 possint.
1338 2375 1372 2388 —-

284 2422 334 2473 ΠΙ.
353 2421 427 2472 Num
446 2421 518 2470 mala
536 2420 651 2478 invitus.
670 2419 796 2484 rapiente
814 2420 943 2482 libidine,
964 2420 1056 2472 lacere
1077 2427 1176 2485 queat,
1196 2422 1245 2486 qui
1266 2422 1371 2472 bonnm

283 2489 454 2554 cognoverit.
474 2518 504 2526 —
522 2487 567 2541 IV.
585 2489 654 2540 Eam
671 2491 806 2541 voluntati
822 2496 928 2542 nostrae
945 2497 1074 2543 naturam
1092 2493 1186 2544 inesse
1202 2496 1234 2543 nt
1247 2494 1283 2543 ad
1298 2493 1370 2545 bona

283 2559 452 2626 perficienda
461 2563 563 2624 sponte
577 2559 691 2627 teratur,
705 2560 754 2620 ubi
767 2573 799 2616 se
813 2560 842 2612 in
854 2560 1012 2613 libertatem
1025 2561 1166 2614 vindicare
1177 2562 1298 2630 potuerit
1366 2629 1369 2634 Ι

291 2814 464 2893 Aptissime
488 2815 631 2878 interce
652 2831 767 2880 omnm
784 2813 871 2878 illins
891 2815 1067 2882 Socraticae
1085 2815 1242 2882 doctrinm
1264 2823 1374 2896 partes

252 2932 429 3007 cohaerent,
452 2949 566 2996 omnes
592 2949 633 2996 cx
652 2949 719 2996 nnc
741 2940 776 2998 et
800 2933 966 2998 communi
988 2933 1145 3014 principio
1167 2935 1341 3000 trahuntur
1364 2953 1372 3002 :

250 3048 422 3128 perpaucis
435 3054 544 3111 tamen
564 3065 637 3112 cam
656 3048 824 3128 probatam
844 3054 942 3130 atque
962 3056 1131 3129 acceptam
1152 3051 1252 3116 fuisse
1266 3052 1373 3115 ccrni-

251 3181 336 3228 mus.
364 3165 436 3228 Non
464 3167 551 3228 enim
577 3166 771 3245 philosopho
800 3173 912 3229 nostro
939 3167 1045 3230 solnm
1073 3167 1262 3231 adversatur
1285 3168 1374 3248 vulgi

249 3280 417 3362 judicium,
436 3282 524 3362 quod
542 3283 634 3361 parvi
652 3283 760 3346 iacere
781 3282 890 3358 liceat,
912 3282 970 3346 scd
990 3283 1076 3346 illius
1094 3290 1237 3346 mentem
1257 3301 1370 3364 repre·

251 3399 433 3463 henderunt
444 3400 513 3464 fere
526 3417 641 3464 omnes
655 3400 710 3479 qui
724 3400 764 3463 de
779 3399 892 3462 morali
912 3400 1043 3462 scicntia
1057 3401 1268 3480 scripscmnt.

289 3516 363 3596 Ipse
386 3519 473 3580 enim
496 3517 563 3596 jam
588 3513 679 3580 Plato
707 3534 727 3578 a
753 3517 906 3594 magistro
933 3533 994 3579 sno
1017 3517 1165 3580 dissentit
1179 3525 1285 3597 ,atque
1309 3519 1372 3581 hcc

251 3649 481 3713 nonnunquam
506 3632 577 3696 fieri
599 3601 718 3696 latetur
742 3639 779 3695 ut
801 3649 873 3696 eam
896 3649 966 3695 rem
991 3633 1064 3712 quis
1085 3640 1252 3696 aversetur
1271 3651 1368 3713 qnam

250 3749 369 3812 bonam
383 3755 416 3813 et
429 3750 598 3829 pulchram
612 3757 646 3813 ct
659 3767 768 3812 amore
783 3750 911 3829 dignam
922 3749 1056 3828 indicet,
1069 3749 1157 3811 iilam
1170 3757 1282 3813 contra
1295 3768 1369 3830 pro-

250 3875 404 3946 sequatur
423 3873 457 3930 et
473 3866 688 3946 amplectatur
705 3883 804 3946 quam
827 3882 958 3946 pravam
981 3865 1198 3948 injustamque
1218 3883 1292 3930 esse
1311 3884 1368 3932 cc·

251 3989 383 4066 gnoscat
396 3981 420 4046 ¹.
436 3983 515 4060 Quis
532 4001 610 4047 vero
634 3985 769 4048 Phaedri
789 3983 930 4077 tabulam
947 3985 1104 4047 memoria
1126 4001 1192 4047 nen
1210 3991 1299 4050 tenet
1313 3985 1370 4052 uhi

250 4104 366 4166 animae
380 4108 528 4166 naturam
541 4101 602 4165 sub
613 4102 751 4183 imagine
765 4119 881 4164 currus
892 4102 1037 4182 depingit
1050 4119 1146 4182 quem
1162 4101 1226 4164 duo
1241 4103 1368 4181 rapiunt

252 4220 346 4298 equit
360 4237 400 4280 ex
412 4235 477 4298 qua
491 4218 569 4300 quid
582 4219 759 4299 intelligere
779 4219 936 4284 dehemus
954 4219 1016 4285 nisi
1037 4219 1135 4282 talem
1155 4236 1245 4299 saepe
1263 4220 1368 4284 libidi-

279 4441 307 4494 ι.
325 4442 412 4508 nuto,
426 4441 516 4506 mes,
529 4441 580 4496 111.
