3544 5468
381 641 421 704 ll
815 655 862 705 un
883 655 1069 709 rnurours

382 773 473 848 civis,
494 771 599 848 amici,
620 771 776 852 perculis,
797 772 853 834 filii
874 780 1001 854 natura,
1019 775 1105 838 dalis
1127 774 1266 837 vinculis
1285 773 1401 852 quibus
1424 789 1499 838 oum

383 889 498 952 celeris
512 888 699 951 mortalibus
713 889 950 969 conjungimur,
968 891 1151 955 necessario
1164 897 1352 970 argumento
1366 891 1501 954 conclu-

383 1006 478 1070 ditur.
502 1007 628 1069 Bonum
652 1008 769 1070 mentis
793 1010 960 1085 naturale,
981 1015 1018 1071 ut
1038 1009 1081 1070 eit
1103 1007 1309 1082 Loibniuius,
1332 1023 1433 1087 quum
1454 1015 1504 1071 esl

381 1124 611 1199 voluntarium,
626 1123 663 1186 lit
675 1124 797 1187 bonum
816 1124 970 1188 moralel.
988 1125 1093 1199 Quum
1112 1126 1157 1188 ita
1176 1145 1195 1188 a
1212 1132 1327 1188 nature
1344 1124 1506 1188 informati

385 1244 497 1323 simus,
518 1243 670 1322 estquod
688 1260 748 1305 nos
767 1243 847 1305 rollo
866 1243 972 1306 locere
988 1243 1110 1322 iubeat.
1126 1245 1191 1318 *Qui
1210 1245 1272 1306 huc
1288 1245 1340 1306 vel
1357 1244 1502 1306 illa-dole

384 1361 511 1436 fruitur,
522 1362 557 1422 ei
577 1363 639 1424 hoc
658 1361 711 1422 vel
732 1360 811 1424 illud
829 1361 988 1440 agendum
1009 1378 1082 1425 esse
1100 1362 1266 1424 dialectica
1284 1361 1389 1424 docet.
1403 1361 1503 1424 Proui

385 1494 440 1540 res
465 1494 501 1539 se
521 1478 657 1556 hebent,
681 1491 747 1540 non
768 1477 881 1540 eadem
904 1478 1039 1540 diversis
1059 1478 1263 1558 temporibus
1284 1478 1499 1557 respondent3

384 1610 490 1674 neque
505 1593 591 1656 aliud
606 1595 727 1656 honuni
742 1609 814 1656 esse
827 1599 934 1673 potest
948 1609 1046 1673 quare
1057 1594 1145 1673 quod
1156 1610 1197 1656 ex
1210 1593 1375 1656 dialectico
1391 1593 1505 1656 ordine

384 1709 456 1773 fieri
475 1710 583 1772 debet.
606 1711 695 1772 Bona
718 1709 918 1788 pulchraque
937 1717 1012 1772 sunl
1031 1726 1109 1787 quae
1129 1710 1265 1788 egimus,
1284 1711 1409 1788 quotics
1427 1725 1505 1771 cum

385 1825 567 1891 conditione
582 1831 695 1891 nostru
713 1825 813 1903 bene,
834 1827 922 1888 rnala
936 1833 973 1889 ct
989 1826 1095 1905 lurple
1114 1826 1239 1906 quoties
1259 1827 1343 1888 mele
1364 1842 1502 1890 concor-

384 1945 472 2008 dent.
496 1945 609 2023 Neque
631 1943 700 2006 aliis
722 1942 829 2005 verbis
848 1942 927 2004 noni
948 1949 1096 2006 naturam
1121 1943 1266 2022 designet
1289 1941 1499 2005 Aristoteles:

386 2079 401 2121 ι
417 2061 542 2123 Bonum
557 2059 705 2138 estquod
720 2064 808 2121 reela
822 2057 1090 2134 mensdescribit,
1105 2064 1138 2121 et
1151 2064 1333 2138 temporum
1344 2066 1379 2122 ei
1392 2074 1501 2122 rerum

385 2182 418 2239 et
429 2177 596 2240 hominum
613 2177 736 2250 ratione
749 2173 886 2237 habital.
903 2193 919 2232 u
936 2175 1005 2236 Hoc
1019 2175 1114 2254 igitur
1128 2175 1252 2237 Socrati
1258 2176 1367 2255 placet
1379 2176 1501 2238 nullam

319 2273 321 2280 ¹
385 2313 457 2358 csse
476 2293 587 2372 agendi
607 2293 774 2370 rationem,
790 2308 865 2371 quse
887 2308 953 2356 non
970 2292 1069 2354 'modo
1088 2293 1183 2370 bona,
1199 2293 1295 2355 modo
1314 2309 1413 2372 prava
1431 2309 1503 2357 esse

385 2411 507 2494 possil³
525 2430 533 2472 :
549 2410 629 2473 nihil
642 2409 803 2473 interdum
820 2409 914 2472 nobis
932 2409 1006 2487 plus
1024 2408 1127 2471 laudis
1145 2425 1183 2471 ac
1203 2409 1313 2488 gloriae
1334 2411 1504 2474 conciliare

386 2545 482 2609 quem
497 2527 619 2591 cosdem
633 2531 730 2604 etque
747 2525 959 2598 latrocinium,
976 2541 1076 2604 quum
1091 2541 1130 2587 ea
1142 2530 1271 2604 tempus
1284 2530 1318 2587 et
1331 2525 1411 2588 relic
1426 2543 1503 2606 pos·

385 2648 498 2710 tulent.
509 2646 555 2708 Ee
565 2648 673 2706 aulem
683 2641 790 2704 omnia
804 2657 878 2719 quae
890 2640 1035 2720 plerique
1045 2640 1211 2703 hominurn
1222 2641 1307 2704 hona
1316 2649 1505 2721 nuncupent

385 2765 468 2827 iuter
485 2762 573 2825 rnele
594 2776 683 2839 saepe
704 2758 890 2822 collocanda
907 2756 1021 2835 sunt⁴;
1043 2758 1163 2838 quippe
1182 2765 1215 2822 el
1234 2759 1311 2837 una,
1326 2765 1360 2822 ct
1380 2759 1504 2824 valetu-

387 2879 472 2958 dine,
490 2885 523 2941 et
544 2876 675 2952 divitiis,
696 2882 729 2938 el
750 2873 884 2937 scientia
904 2890 992 2936 nunc
1008 2876 1192 2937 secundum
1216 2875 1390 2953 rationem,
1414 2891 1504 2938 nunc

386 2995 540 3060 adversus
558 2992 730 3069 rationem,
753 2989 787 3053 id
807 2996 856 3055 est
876 3006 963 3053 nunc
980 2989 1075 3070 bene,
1096 3007 1184 3054 nunc
1206 2991 1301 3071 malo,
1316 2990 1369 3056 uui
1389 3007 1505 3071 possu-

395 3261 442 3311 ΙΙ.
459 3257 637 3316 Leihuitzlus.
654 3254 741 3318 Epiri.
754 3254 790 3304 od
807 3253 949 3316 Wolfium.

418 3332 445 3382 2.
465 3331 544 3393 Keil„
559 3327 656 3387 Mem„
670 3325 717 3385 ΙΙΙ,
734 3337 795 3390 vm,
810 3325 834 3376 7.
851 3326 938 3376 Πάντα
954 3326 1001 3393 γὰρ
1017 3322 1097 3392 ἀγαθὰ
1114 3327 1156 3393 μὲν
1171 3328 1213 3378 καὶ
1228 3329 1293 3381 καλὰ
1303 3325 1359 3382 ,ἐστι
1372 3333 1434 3399 πρὸς
1448 3331 1465 3384 ἅ
1480 3331 1509 3384 ἂν

389 3403 414 3455 εὖ
430 3405 487 3469 ἔχη,
505 3399 571 3452 κακὰ
589 3399 615 3450 δὲ
630 3398 672 3449 καὶ
694 3393 788 3465 αἰσχρὰ
807 3399 867 3465 πρὸς
889 3395 905 3448 ἅ
928 3396 956 3447 ἂν
978 3406 1069 3455 κακῶς.
1089 3424 1121 3434 -
1141 3397 1245 3449 Eodem
1268 3414 1351 3465 prope
1371 3403 1454 3454 modo
1473 3404 1509 3454 ab

388 3461 532 3526 Aristotele
548 3474 647 3521 natura
661 3470 727 3522 boni
743 3469 931 3520 describitur:
948 3467 1013 3518 llll.
1030 3469 1101 3532 Nic,
1116 3468 1150 3528 ll,
1167 3481 1199 3530 11,
1215 3469 1276 3522 1104
1289 3471 1313 3535 b,
1324 3471 1348 3522 8.
1359 3473 1395 3524 Τὸ
1409 3475 1451 3539 μὲν
1464 3473 1507 3526 οὖν

388 3545 453 3598 κατὰ
467 3545 508 3595 τὸν
524 3539 593 3610 ὀρθὸν
610 3543 683 3607 λόγον
700 3541 822 3609 πράττειν,
840 3541 929 3602 κοινὸν,
946 3541 988 3591 καὶ
999 3543 1147 3592 ὑποκείσθω.
1162 3568 1193 3576 -
1207 3541 1241 3604 ΙΙ,
1255 3553 1296 3603 vl,
1310 3543 1372 3595 1106
1383 3545 1407 3606 b,
1418 3545 1457 3596 21.
1472 3547 1508 3596 Τὸ

390 3618 415 3669 δὲ
430 3616 472 3668 ὅτε
489 3617 532 3674 δεῖ,
551 3613 592 3663 καὶ
609 3607 649 3677 ἐφ’
670 3606 712 3672 οἷς,
733 3611 774 3661 καὶ
794 3612 855 3678 πρὸς
872 3613 922 3669 οὓς,
940 3611 982 3660 καὶ
1001 3602 1030 3661 οὗ
1052 3609 1130 3672 ἕνεκα,
1153 3611 1194 3662 udl
1215 3609 1248 3670 ὧς
1270 3616 1313 3673 δεῖ,
1336 3615 1411 3680 μέσον
1427 3635 1453 3666 τε
1467 3616 1509 3666 καὶ

390 3689 498 3756 ἄριστον,
516 3684 576 3749 ὅπερ
593 3679 644 3734 ἐστὶ
660 3688 703 3744 τῆς
719 3677 814 3748 ἀρετῆς.
833 3707 862 3716 -
881 3679 945 3730 1106.
958 3682 982 3744 b,
996 3680 1037 3731 36.
1054 3682 1119 3732 ’ἐστιν
1139 3677 1219 3748 dicon
1238 3679 1311 3750 ἁρετὴ
1329 3684 1374 3743 ἕξις
1392 3705 1509 3753 apompe-

389 3755 444 3822 τικὴ
460 3754 485 3808 ἐν
498 3755 616 3822 μεσότητι
631 3752 698 3804 υῦσα
711 3759 742 3828 πῇ
757 3755 818 3820 πρὸς
831 3747 905 3818 ἡμᾶς,
920 3749 1043 3827 ὡρισμένῃ
1063 3753 1129 3818 λόγῳ
1149 3754 1190 3803 καὶ
1206 3751 1238 3812 ὡς
1256 3753 1284 3805 ἂν
1301 3757 1314 3805 ὁ
1330 3757 1446 3824 φρόνιμος
1461 3759 1510 3824 ppt.

391 3847 461 3882 σειεν.
473 3849 508 3864 *-
522 3826 565 3887 vl,
579 3836 600 3886 1,
616 3821 677 3873 1139
692 3837 719 3873 a.
734 3825 762 3874 τὸ
778 3823 804 3874 δὲ
819 3824 894 3887 μέσον
908 3819 972 3874 ἐστὶν
987 3821 1019 3882 ὡς
1035 3827 1049 3875 ὃ
1063 3825 1135 3889 λόγος
1150 3826 1163 3874 ὁ
1179 3820 1249 3891 ὀρθὸς
1262 3826 1337 3891 ιλέγει.

419 3900 447 3952 3.
465 3899 545 3962 Xon,
562 3896 653 3956 Mem„
669 3895 712 3956 lv,
727 3907 758 3954 11,
771 3893 861 3945 l3-l9.
879 3921 909 3931 -
926 3894 1144 3958 Plelo‚1le'pub.,
1160 3894 1181 3959 l,
1198 3894 1243 3945 331
1259 3911 1282 3956 c,
1298 3897 1325 3958 d,
1340 3911 1363 3960 e,
1379 3897 1413 3963 ll,
1426 3896 1474 3948 382
1485 3913 1510 3962 c,

391 3972 437 4033 ΙΙΙ,
449 3970 498 4022 389
510 3971 533 4020 b.
549 3968 579 4018 il.
592 3966 639 4017 459
653 3981 676 4016 c.
694 3965 792 4027 Alcib„
807 3964 828 4029 1,
845 3965 903 4016 llo.

398 4053 400 4056 ·
420 4044 445 4095 Ι.
466 4039 571 4093 Grole's
593 4039 683 4102 Pluto,
703 4042 725 4086 vt.
743 4036 763 4098 l,
784 4036 828 4087 oh.
845 4047 875 4100 x,
895 4049 924 4100 p.
947 4035 1002 4088 337.
1019 4038 1061 4088 An
1080 4040 1126 4087 acl
1147 4036 1240 4088 which
1258 4037 1284 4088 is
1303 4041 1384 4103 good,
1404 4040 1512 4093 honou-

390 4117 476 4175 ruhle‚
491 4115 560 4178 jusi,
578 4110 734 4174 expedient,
749 4113 819 4171 elo,
835 4109 1002 4159 considered
1016 4110 1045 4158 in
1056 4121 1110 4158 one
1121 4113 1219 4172 espect
1235 4122 1266 4159 or
1277 4110 1467 4164 -inuelerencc
1481 4119 1510 4164 lo

392 4200 471 4238 some
493 4185 523 4235 ol
540 4184 577 4234 ils
598 4181 755 4234 conditione
772 4192 837 4244 may
854 4179 890 4230 he
911 4184 940 4230 et
960 4181 1008 4230 the
1027 4192 1105 4230 same
1121 4179 1189 4230 lime
1204 4179 1267 4244 bed,
1285 4181 1509 4248 dishonoureble‚

391 4258 497 4321 unjust‚
506 4253 693 4317 inexpedienl,
703 4250 869 4303 considered
878 4250 905 4300 in
919 4249 1224 4313 another-aspectuum
1235 4251 1417 4303 reference'lo
1431 4253 1512 4304 olher

392 4326 581 4378 conditione...
595 4324 646 4374 hut
664 4335 747 4386 every
760 4324 815 4382 ecl,
829 4320 857 4372 in
872 4333 904 4372 so
921 4320 961 4372 for
975 4334 1007 4372 as
1021 4321 1042 4372 it
1059 4320 1084 4371 is
1094 4320 1154 4384 just
1165 4321 1219 4373 end
1229 4321 1436 4378 honourableis
1452 4326 1512 4376 aleo

392 4398 464 4464 good
482 4397 537 4448 end
553 4394 708 4458 expedient.
792 4436 796 4442 .
856 4436 859 4441 .
