3544 5468
707 668 932 722 Pttovteotta
1358 657 1377 720 7

259 791 379 856 donem
404 798 548 856 nostram
569 791 671 870 magis
692 797 876 854 contentam
899 798 934 856 et
952 793 1113 873 expletam
1131 808 1216 871 esse,
1231 792 1307 874 quia
1325 787 1380 858 re's

259 925 326 974 non
339 910 386 972 uti
402 915 501 989 gestae
517 907 581 969 sint
594 907 721 983 referat,
738 907 797 970 sed
809 907 856 970 uti
870 907 939 988 geri
954 908 1133 972 secundum
1151 908 1380 972 necessitatem

259 1032 292 1088 et
309 1021 618 1088 verisimilitudinem
640 1021 811 1085 debuerint
822 1021 845 1084 ¹.
859 1022 961 1084 Versa
983 1022 1080 1101 igitur
1099 1021 1183 1099 vioe,
1207 1039 1274 1087 non
1294 1023 1380 1088 male

258 1137 478 1218 philosophati
493 1135 614 1198 snmus
637 1133 677 1211 si,
692 1139 798 1214 poetae
815 1134 927 1210 instar,
950 1135 1136 1213 Protagorae
1157 1135 1296 1198 fabulam
1319 1153 1379 1217 pro

259 1254 451 1318 necessitate
464 1259 498 1316 et
510 1251 786 1315 verisimilitudine
798 1249 889 1330 (Κατὰ
903 1250 934 1312 τὸ
947 1250 1018 1319 εἰκὸς
1030 1249 1049 1324 ἢ
1062 1250 1094 1312 τὸ
1105 1250 1262 1334 ἀναγκαῖον)
1275 1253 1378 1318 absol.

259 1389 336 1438 vere
354 1369 595 1462 tentaverimus.

298 1487 361 1551 Ubi
379 1484 560 1566 disputandi
572 1483 672 1547 linem
686 1484 804 1561 fecere,
820 1458 1034 1548 collocutores
1050 1482 1280 1556 discesserunt.
1298 1485 1378 1566 Hip·

258 1613 407 1689 pooratas
420 1621 510 1678 vero,
525 1603 654 1682 ingenio
676 1608 845 1683 promptus
865 1608 898 1664 et
913 1619 1000 1677 acer,
1014 1601 1159 1665 scientia)
1171 1603 1378 1684 veritatisque

257 1725 369 1791 sitiens
379 1721 517 1802 juvenis,
533 1721 650 1783 mirum
665 1720 699 1782 in
712 1718 845 1783 modum
859 1725 1080 1788 commovetur
1093 1723 1125 1781 et
1137 1720 1376 1798 perturbatur².

258 1844 371 1919 Itaque
387 1840 465 1902 dum
478 1853 555 1918 quat
576 1836 708 1899 dictaei
727 1852 894 1915 responsa,
910 1851 1049 1914 quaeque
1062 1853 1082 1897 a
1100 1834 1233 1901 Socrate
1247 1837 1378 1899 consul·

257 1958 380 2020 tissime
394 1961 506 2035 aperta
515 1960 590 2017 sunt
605 1970 717 2016 seeum
730 1958 868 2030 reputat,
882 1952 1030 2031 parturit,
1050 1957 1088 2014 ut
1104 1952 1148 2013 ita
1161 1951 1278 2030 dicam,
1292 1953 1378 2016 illius

257 2073 384 2134 animus
397 2076 430 2131 et
445 2087 504 2132 sua
521 2070 554 2131 vi
569 2076 706 2150 quatuor
719 2069 799 2131 scita
817 2067 852 2129 in
864 2068 971 2129 lucem
986 2067 1107 2146 prolert
1122 2080 1197 2144 qum
1210 2065 1377 2131 Socratem

257 2206 335 2253 vere
349 2189 509 2265 docuisse,
525 2202 624 2267 quum
639 2202 680 2248 eo
692 2185 884 2263 discipulum
898 2184 1066 2246 adduxerit
1082 2191 1118 2247 ut
1134 2202 1173 2248 ea
1185 2200 1251 2247 non
1266 2185 1375 2249 conci-

256 2323 337 2388 pere
351 2312 384 2369 et
396 2322 455 2384 pro
477 2305 563 2369 veris
587 2303 733 2383 accipere
754 2319 820 2364 non
842 2301 993 2380 potuerit,
1008 2301 1156 2380 quamvis
1169 2318 1207 2363 ea
1224 2301 1294 2381 ipse
1310 2319 1377 2366 non

258 2425 404 2487 elocutus
419 2423 471 2500 sit,
487 2421 643 2485 dicemus.
658 2420 831 2498 Fingamus
844 2418 930 2480 enim
956 2419 1019 2479 hoc
1042 2417 1136 2479 nobis
1154 2417 1377 2498 contigissent

258 2540 382 2602 Socrati
395 2538 539 2618 loquenti
550 2537 784 2599 interessemus
801 2539 834 2597 et
852 2533 893 2595 de
910 2533 995 2595 illius
1012 2535 1120 2596 verbis
1136 2534 1374 2612 cogitaremus:

257 2674 323 2735 pro.
331 2657 496 2734 explorato
510 2653 701 2716 habebimus
714 2657 836 2715 certam
850 2667 922 2713 esse
935 2651 1060 2713 Socrati
1074 2656 1107 2713 et
1126 2667 1238 2713 secum
1257 2653 1376 2729 optime

258 2780 506 2839 consentaneam
525 2769 704 2834 doctrinam
730 2785 804 2848 quae
827 2767 877 2829 his
894 2774 1032 2846 quatuor
1052 2769 1140 2831 velut
1162 2739 1377 2831 fundamentis

256 2895 400 2956 nitatur:
1238 2873 1242 2880 ’

298 3009 330 3070 1ο
344 3008 416 3070 Una
433 3022 547 3070 revera
569 3009 618 3066 est
643 3002 755 3079 virtus,
771 3017 877 3080 neque
900 3001 1010 3080 plures
1027 3001 1089 3063 nisi
1112 3002 1221 3081 specie
1242 3004 1377 3067 virtutes

258 3141 330 3185 esse
346 3127 504 3203 possunt;

297 3241 331 3301 2⁰
343 3240 464 3302 Eadem
477 3238 579 3301 virtus
593 3241 626 3299 et
640 3232 774 3297 scientia
796 3239 856 3312 est,
872 3249 978 3312 neque
1000 3233 1087 3296 aliud
1109 3240 1160 3297 est
1177 3235 1261 3298 bene
1282 3253 1378 3316 agere

258 3373 355 3437 quam
370 3354 447 3434 quid
461 3353 584 3416 bonum
601 3351 642 3412 sit
655 3351 748 3424 scire,
763 3350 846 3411 male
870 3366 965 3428 agere
988 3366 1088 3430 quam
1109 3351 1187 3430 quid
1201 3351 1323 3415 bonurn
1337 3353 1379 3415 sit

256 3475 425 3553 ignorare;
440 3470 528 3533 nullo
543 3469 639 3531 modo
653 3467 724 3529 lieri
738 3473 845 3545 potest
867 3473 903 3528 ut
922 3467 950 3528 is
964 3468 1048 3529 male
1061 3475 1134 3547 agat
1154 3469 1210 3547 qui
1229 3469 1306 3548 quid
1318 3471 1378 3532 bo·

257 3606 337 3653 num
350 3589 392 3651 sit
404 3586 580 3666 intelligat;

297 3705 331 3766 3⁰
345 3707 424 3768 Eam
437 3720 515 3767 vero
534 3701 701 3766 scientiam
717 3717 784 3764 non
798 3700 831 3762 in
845 3700 942 3780 hujus
956 3701 1009 3763 vel
1019 3701 1105 3765 illius
1119 3702 1297 3782 disciplinae
1311 3711 1379 3768 stu·

289 3924 313 3970 l.
328 3915 501 3976 Aristoteles,
519 3912 638 3973 Paelice,
656 3911 700 3962 lll.

287 3991 312 4041 2.
327 3988 404 4040 Nihil
418 3985 535 4037 enimin
550 3987 607 4034 toto
622 3983 729 4045 dialogo
743 3981 862 4044 legimus
875 3981 950 4044 quod
961 3981 1007 4032 his
1021 3981 1176 4035 Kroschelii
1189 3983 1273 4033 iidem
1287 3985 1380 4039 iacere

256 4066 368 4128 queat:
392 4057 614 4120 ‹Hippola-ates,
631 4066 718 4118 quum
740 4065 831 4116 neque
853 4051 998 4102 Sokratem
1021 4059 1215 4117 prosequatur,
1235 4059 1380 4118 nequead

257 4137 434 4194 Protagoram
453 4141 485 4177 se
502 4126 692 4190 applicaverit,
713 4137 748 4175 ex
769 4123 823 4174 hoc
842 4123 979 4186 colloquio
997 4137 1081 4174 omna
1101 4127 1236 4176 doctrinm
1256 4128 1381 4181 studium

257 4211 290 4257 ut
305 4201 453 4254 molestius
466 4198 585 4248 missurn
599 4195 709 4246 videtur
723 4194 825 4246 iecisse
841 4212 853 4239 ι
867 4193 900 4258 (J.
918 4193 946 4245 S.
958 4195 1101 4256 Kroscbel‚
1113 4195 1191 4244 Notae
1203 4197 1239 4244 od
1253 4196 1380 4262 Proteo,

257 4293 287 4342 p.
298 4275 369 4338 tlt);
385 4283 476 4334 neque
491 4268 579 4319 ullum
591 4267 618 4319 ei
630 4270 826 4330 argumentum
839 4266 937 4316 afferre
952 4267 1094 4316 credimus
1110 4267 1195 4328 illam,
1210 4282 1295 4331 quam
1306 4283 1381 4322 com·

258 4348 406 4405 memorat,
427 4339 563 4404 Simplicii
581 4339 750 4390 sententiam
771 4336 922 4403 (simplic,
939 4352 966 4402 p.
982 4336 1028 4389 etl
1050 4337 1075 4404 b,
1091 4338 1127 4390 ad
1148 4337 1236 4403 Epiet.
1254 4340 1381 4406 enchir„

256 4419 299 4482 46,
313 4417 349 4482 ἓ).
