3544 5468
388 622 427 686 lt)
818 636 867 686 nn
888 637 1072 690 ruuronrs

426 755 512 818 Nihil
533 733 646 818 contra
667 753 891 834 imperfectum
913 763 970 820 aut
992 757 1124 822 dubium
1150 761 1300 824 Socrates
1322 761 1504 843 relinquere

387 870 505 946 voluit;
521 867 600 931 nihil
618 867 704 931 enim
722 870 852 949 majoris
871 871 964 951 pretii
984 873 1127 938 iaciebat
1138 892 1235 962 quam
1258 875 1344 938 clare
1364 882 1505 956 aptaque

388 987 487 1052 Verba
502 984 711 1069 (ἀκριὸολογίαν)
737 1003 745 1048 :
771 1009 786 1044 u
811 987 928 1051 Omitte
945 989 1024 1071 jam,
1043 991 1158 1072 inquii,
1173 993 1259 1056 istud
1281 994 1310 1054 si
1328 994 1387 1070 vit,
1403 995 1432 1054 oi
1445 994 1505 1056 tibi

387 1105 491 1184 ploret
505 1103 528 1167 ¹.
545 1125 561 1160 u
576 1103 657 1178 Quae
678 1103 719 1166 de
743 1104 915 1169 Simonidis
933 1107 1081 1172 versibus
1094 1109 1127 1172 in
1142 1109 1323 1189 Protoporo
1339 1108 1504 1189 disputan-

388 1227 453 1298 tur,
468 1228 535 1284 tam
548 1221 653 1302 longa,
669 1227 736 1284 tam
750 1222 888 1303 subtilia,
904 1227 971 1286 tam
990 1226 1125 1306 reliquae
1144 1227 1371 1291 controversiae
1389 1241 1505 1306 parum

390 1338 596 1412 cohaerentia,
613 1337 654 1401 ad
666 1339 729 1401 hoc
742 1356 844 1402 unum
863 1346 1010 1419 spectare
1031 1342 1181 1407 videntur
1201 1349 1236 1406 ut
1256 1348 1408 1423 appareat
1427 1341 1507 1404 nihil

389 1473 450 1518 nos
468 1473 508 1518 ex
521 1455 624 1535 poetis
647 1455 772 1518 discere
795 1472 902 1534 posse,
918 1474 1057 1537 quorum
1080 1459 1221 1522 carmina
1244 1459 1374 1539 quidem
1396 1457 1504 1521 multis

358 1597 363 1605 ·
388 1572 549 1654 variisque
563 1570 666 1635 modis
680 1571 894 1653 interpretari,
907 1591 1020 1638 verum
1032 1579 1140 1638 autem
1154 1575 1323 1639 consilium
1336 1589 1503 1653 nunquam

390 1688 518 1768 assequi
533 1688 708 1751 valeamus.

429 1805 498 1870 Hoc
521 1805 660 1884 primum
687 1799 812 1869 Socrati
834 1807 995 1886 placuisse
1013 1814 1148 1886 constat,
1165 1809 1244 1870 nihil
1258 1825 1331 1871 esse
1345 1807 1433 1886 quod
1446 1807 1505 1872 ho·

391 1940 469 1988 uum
484 1921 547 1985 dici
559 1923 664 2002 ipsum
680 1938 786 2002 perse
800 1924 911 2004 possit,
927 1925 1046 1990 ntrllim
1064 1926 1113 1988 rei
1126 1926 1248 1989 ratione
1266 1924 1385 1999 habita,
1401 1940 1508 2003 neque

390 2042 423 2102 in
438 2045 579 2104 mentem
593 2039 703 2102 venire
717 2057 812 2119 posse
826 2047 862 2104 ut
875 2041 993 2122 aliquid
1014 2041 1135 2106 honum
1151 2043 1192 2106 sit
1206 2043 1293 2122 quod
1308 2042 1349 2106 ad
1363 2040 1441 2105 nihil
1454 2045 1506 2104 at·

390 2158 521 2224 unsatt.

429 2274 605 2355 Plerosque
620 2281 727 2338 autern
741 2281 1030 2341 commentatorum
1044 2277 1078 2339 in
1096 2277 1304 2356 gravissimos
1320 2293 1448 2344 errores
1461 2278 1508 2344 in·

392 2392 550 2455 duxerunt
573 2393 645 2482 haee
666 2393 737 2472 ipsa
760 2393 900 2457 Socratis
918 2396 1017 2458 verba
1037 2410 1046 2456 ε
1067 2395 1292 2475 quodcumque
1314 2394 1436 2457 bonum
1458 2402 1508 2458 est

391 2509 487 2590 ἀγαθὸν
502 2507 565 2597 πρός
584 2535 609 2572 τι
631 2515 698 2587 est;
719 2511 862 2593 quassis
884 2512 1044 2592 explicant
1064 2530 1075 2580 s
1097 2512 1176 2578 nihil
1197 2512 1319 2584 honum
1341 2518 1405 2590 est,
1422 2512 1508 2592 quod

390 2643 456 2690 non
471 2626 512 2690 ad
525 2626 644 2712 aliquid
662 2629 783 2693 honum
798 2629 849 2692 sit.
868 2627 989 2698 Dicitur
1004 2647 1078 2710 ergo
1095 2629 1246 2700 Socrates
1258 2629 1298 2698 ad
1310 2629 1412 2700 finem
1422 2645 1508 2702 sem·

391 2750 496 2826 peret
510 2743 552 2814 ad
566 2745 672 2812 extus.
685 2744 863 2811 facinorum
882 2746 1077 2826 spectavisse
1089 2763 1193 2825 eaque
1206 2746 1278 2818 sola
1288 2745 1373 2816 hona
1389 2747 1507 2824 judica-

390 2863 487 2940 visse,
504 2878 543 2926 ex
564 2861 683 2940 quibus
700 2861 875 2942 voluptatis.
894 2868 949 2930 aut
969 2862 1112 2932 utilitatis
1131 2861 1250 2942 aliquid
1272 2862 1449 2942 percipere,
1471 2882 1509 2932 ee

392 2980 489 3060 mala,
503 2995 543 3043 ex
557 2976 674 3058 quihus
686 2977 804 3043 doloris.
818 2984 873 3045 aut
886 2977 1067 3048 detrimenti
1081 2977 1200 3060 aliquid
1214 2979 1280 3057 pati
1293 2994 1464 3058 possemus
1475 2981 1485 3015 ³
1498 2999 1508 3059 ;

393 3114 431 3160 ee
440 3111 516 3163 vero
529 3111 602 3174 quoe
616 3093 696 3162 nihil
707 3093 806 3166 nohis
817 3111 922 3174 nsque
936 3085 1206 3174 curreremque
1224 3094 1393 3164 detrahere
1409 3095 1508 3164 debe·

393 3219 479 3288 rent,
498 3229 604 3292 neque
627 3212 712 3276 hone
730 3227 836 3296 neque
859 3211 944 3284 mala
963 3212 1136 3296 putavisse.
1160 3235 1176 3270 «
1191 3211 1271 3291 Hoc,
1291 3217 1328 3274 ut
1346 3211 1391 3276 illi
1408 3214 1509 3292 alunt,

393 3334 539 3398 nostrum
554 3344 625 3390 esse
635 3325 776 3394 officium
787 3327 881 3394 docet
889 3332 927 3396 ut
933 3327 1078 3401 animum
1086 3326 1300 3403 advertamus,
1310 3342 1366 3392 res
1372 3328 1512 3400 scienter

394 3445 651 3528 perpendemus,
679 3463 743 3526 quo
767 3461 907 3526 queque
928 3445 1026 3514 modo
1048 3461 1180 3516 cessura
1206 3444 1249 3512 sit
1271 3445 1511 3526 provideamus,

426 3678 448 3724 l.
465 3673 550 3734 Plato,
564 3671 685 3734 Proteo,
702 3669 749 3721 331
766 3685 789 3724 c..

423 3748 447 3796 2.
465 3743 606 3808 X‘enopho,
624 3743 746 3802 Memor„
763 3742 810 3804 ΙΙΙ,
828 3755 889 3804 vm,
904 3741 928 3807 2,
945 3742 968 3793 3.
985 3743 1020 3792 Et
1034 3741 1062 3808 γ’
1077 3737 1169 3812 ἐρωτᾷς
1188 3761 1217 3807 με
1236 3741 1296 3792 εἴτι
1316 3734 1407 3806 ἀγαθὸν
1427 3738 1512 3792 oidud
1580 3751 1584 3757 “

316 3869 318 3876 ,
396 3819 497 3885 μηδενὸς
511 3810 602 3880 ἀγαθόν
619 3810 693 3875 iustu,
709 3813 765 3874 οὔτ’
781 3813 844 3877 nidor,
860 3816 916 3866 οὔτε
933 3814 1027 3880 δέομαι.

424 3889 448 3940 3.
468 3887 558 3948 Grote,
579 3886 674 3946 Pluto,
696 3888 719 3935 t.
742 3886 763 3946 1,
786 3885 833 3937 oh.
860 3897 919 3947 xix,
941 3899 967 3948 p.
989 3883 1045 3934 541.
1066 3883 1098 3933 ln
1119 3883 1164 3932 the
1184 3881 1359 3946 Ptolomeus,
1382 3881 1514 3936 Sokrates

395 3962 502 4011 asseris
518 3958 575 4008 euri
589 3969 688 4018 proves
704 3959 732 4006 st
749 3956 846 4019 length
861 3956 921 4007 thet
939 3955 1010 4018 good
1026 3954 1052 4006 is
1066 3959 1095 4004 st
1112 3955 1161 4006 the
1178 3954 1284 4004 holtem
1301 3953 1432 4004 identioel
1446 3955 1513 4006 with

395 4032 525 4096 pleasure
540 4026 595 4078 and
609 4027 664 4078 evil
678 4026 746 4076 with
761 4027 825 4089 pain
844 4044 850 4076 :
871 4028 928 4077 that
946 4027 993 4077 the
1006 4025 1167 4088 measuring
1184 4038 1215 4075 or
1230 4023 1398 4087 calculating
1411 4025 1514 4076 intelli-

396 4112 483 4165 genoe
499 4099 526 4149 is
537 4097 586 4152 the
601 4097 674 4163 trulv
691 4097 767 4158 regul
782 4103 824 4150 art
840 4097 870 4150 ol
883 4097 943 4160 llis,
958 4109 1032 4159 upan
1046 4095 1141 4150 ,which
1159 4095 1208 4152 tlte.
1220 4093 1385 4150 armonem
1399 4095 1429 4145 ol
1443 4097 1516 4160 good

397 4169 521 4236 depende
537 4180 544 4218 ι
558 4169 612 4224 and
628 4168 688 4220 thet
704 4167 751 4219 the
768 4167 860 4232 ohjeet
880 4167 910 4218 oi
925 4169 985 4226 thot
1001 4166 1183 4236 intelligenee‚
1200 4165 1247 4218 the
1265 4165 1349 4218 items
1364 4167 1457 4219 which
1474 4183 1517 4220 we

396 4254 443 4296 are
452 4243 481 4292 to
493 4252 630 4301 measure,
641 4238 777 4292 ouloulete
793 4240 848 4290 and
861 4251 999 4303 compare,
1012 4251 1060 4291 are
1071 4237 1215 4300 pleasures
1227 4237 1282 4288 and
1296 4237 1385 4301 peius,
1396 4252 1428 4290 so
1442 4253 1473 4292 as
1486 4245 1517 4294 tu

397 4322 496 4366 secure
510 4313 539 4362 to
557 4309 701 4362 ourselves
720 4322 752 4360 as
770 4309 854 4364 much
877 4322 908 4366 as
927 4307 1051 4374 possible
1067 4305 1096 4360 ol
1109 4307 1157 4361 the
1176 4307 1287 4370 tormer,
1301 4307 1358 4359 and,
1369 4321 1474 4386 escape
1484 4324 1518 4368 ss

396 4379 481 4434 much
495 4392 528 4432 es
539 4378 663 4444 possible
677 4379 767 4432 ottho
783 4381 873 4442 letter.
