3544 5468
852 1758 995 1834 carun
1017 1727 1049 1833 'v

458 2075 537 2131 QUID
559 2075 594 2122 lN
614 2074 774 2123 socuauts
795 2075 965 2122 DOCTRINA
986 2039 1250 2124 DESIDERANDUM
1270 2075 1440 2122 VIDEATUR

432 2348 498 2412 Sed
510 2365 569 2437 per
581 2349 635 2412 illa
648 2350 718 2429 ipsa
732 2350 922 2414 adducimur
939 2358 975 2414 ut
995 2351 1036 2413 de
1056 2351 1095 2412 iis
1109 2350 1207 2414 verba
1220 2331 1374 2414 faciainus
1386 2369 1460 2432 quae
1474 2353 1508 2414 in

392 2467 533 2531 Socratis
547 2467 691 2532 doctrina
705 2469 915 2532 desideranda
928 2469 1106 2534 videantur.

431 2584 532 2647 Nemo
548 2591 598 2647 est
617 2584 761 2664 protecto
785 2584 871 2665 apud
891 2585 1040 2665 antiquos
1062 2587 1117 2664 qui
1140 2586 1181 2647 de
1200 2585 1317 2648 virtute
1338 2584 1506 2664 grandiora

392 2708 424 2765 et
438 2703 642 2782 generosiora
655 2703 782 2766 loeutus
796 2703 837 2766 sit
853 2721 860 2766 :
877 2721 937 2765 nos
952 2703 1038 2766 enirn
1059 2701 1213 2766 continuo
1236 2704 1387 2766 admonet
1408 2720 1505 2782 quam

391 2811 562 2890 pulchrum
576 2811 587 2854 ¹
604 2817 636 2873 et
650 2828 800 2890 magnum
816 2817 848 2873 et
862 2811 1001 2874 hominis
1015 2818 1141 2874 naturae
1159 2812 1355 2874 conveniens
1369 2812 1409 2872 sit
1422 2813 1506 2874 bene

391 2945 506 3008 agere3
520 2930 644 2992 nullum
668 2929 737 2992 sine
759 2929 879 2992 virtute
897 2928 1024 2992 teli'oem
1042 2947 1114 2993 esse
1129 2929 1256 2992 crebris
1267 2929 1506 3009 disceptationi-

392 3043 454 3108 bus
469 3046 627 3122 ostendit;
644 3063 740 3124 quarn
765 3045 859 3123 foeda,
886 3044 1002 3125 turpia,
1028 3046 1153 3125 abjecta
1176 3051 1208 3107 et
1228 3046 1366 3108 hominis
1381 3045 1508 3124 indigna

391 3164 455 3224 sint
466 3162 554 3240 vitia,
568 3167 720 3239 quantam
735 3161 828 3223 nobis
843 3162 1019 3242 perniciem
1039 3161 1174 3224 afferant
1192 3162 1400 3230 demonstrat.
1416 3161 1507 3223 Nun-

393 3295 489 3362 quam
505 3284 613 3341 autem
625 3277 752 3357 longius
766 3278 977 3357 progreditur.

431 3396 552 3458 Eodem
566 3395 635 3474 ipso
650 3394 722 3457 loeo
737 3394 949 3457 constiterunt
968 3411 1081 3457 ornnes
1095 3394 1310 3473 antiquiorum
1324 3400 1506 3475 temporum

392 3511 586 3593 philosophi.
601 3511 699 3576 Stoici
713 3512 810 3587 enirn,
831 3513 887 3591 qui
906 3512 1001 3574 otfioii
1015 3529 1133 3574 nornen
1148 3512 1243 3574 toties
1258 3520 1505 3591 usurpaverunt,

392 3635 544 3708 quantam
558 3628 623 3689 vim
637 3627 772 3690 haberet
785 3644 850 3688 non
865 3627 960 3705 plane
975 3628 1199 3690 intellexerunt
1216 3646 1223 3691 :
1239 3629 1292 3690 illo
1306 3629 1391 3689 enim
1406 3629 1505 3692 verbo

392 3763 448 3809 eas
462 3752 570 3824 partes
584 3743 805 3822 significabant
820 3761 900 3822 quas
914 3745 1088 3820 huminem,
1105 3761 1206 3824 quum
1222 3745 1278 3806 tali
1291 3752 1407 3807 natura
1420 3763 1506 3824 praa·

392 3863 477 3925 ditus
504 3867 607 3936 esset,
637 3860 697 3921 sibi
724 3877 888 3924 assumere
914 3870 946 3922 ot
975 3867 1158 3923 constanter
1188 3878 1283 3939 agere
1309 3863 1506 3940 conveniret,

392 3976 567 4039 dummodo
582 3976 738 4037 rationem
754 3976 869 4038 ducem
884 3977 976 4054 sequi
989 3977 1095 4038 vellet.

432 4091 501 4153 Hoo
516 4097 623 4152 autem
636 4089 670 4151 in
683 4089 830 4152 maximis
853 4091 959 4153 Kantii
979 4091 1126 4154 laudibus
1146 4092 1330 4170 ponendum
1345 4099 1406 4168 est,
1422 4092 1507 4171 quod

391 4223 501 4272 veram
525 4206 620 4268 officii
646 4207 748 4267 nostri
770 4213 917 4269 naturam
944 4209 1078 4288 eJusque
1103 4209 1182 4286 legis
1209 4225 1284 4286 quae
1311 4210 1508 4273 conscientia

391 4325 485 4388 nobis
498 4323 673 4403 injungitur
687 4323 809 4403 primus
822 4324 969 4387 distinete
984 4327 1146 4406 perspexit
1160 4332 1193 4386 et
1205 4326 1384 4389 illustravit.

420 4505 445 4559 1.
459 4503 538 4568 Ken„
553 4502 644 4566 Mem„
659 4501 707 4566 111,
722 4514 783 4567 v111,
801 4502 825 4556 5·
838 4497 875 4557 Σὺ
887 4505 953 4558 δὀἴει
968 4505 1028 4558 ἄλλο
1045 4506 1086 4572 μὲν
1101 4501 1201 4572 ἀγαθόν,
1220 4506 1280 4558 ἄλλο
1296 4507 1322 4561 δὲ
1336 4509 1411 4560 καλὸν
1426 4509 1501 4569 uiuum
