3544 5468
703 725 928 779 eboruuottu
1334 715 1373 777 ‘21

252 846 286 908 nd
301 853 349 908 τοῦ
360 843 502 930 προσώπου
515 846 607 929 μόρια,
622 845 748 929 ἁμῃγέπῃ
761 845 900 930 προσέοικε
912 845 958 908 καὶ
972 847 1069 920 ἔστιτὸ
1078 847 1165 930 ἕτερον
1173 839 1228 908 οἷον
1237 847 1268 909 τὸ
1276 848 1373 932 ἕτερον.

251 963 322 1025 ὥστε
336 963 421 1048 τόυτῳ
434 989 465 1044 γε
483 967 523 1046 τῷ
539 963 628 1048 τρόπῳ
644 961 694 1023 κᾶν
706 962 788 1024 ταῦτ’
815 963 946 1045 ἐλέγχοις,
961 968 985 1025 εἰ
1003 961 1119 1046 βούλοιο,
1136 968 1173 1033 ὡς
1188 965 1291 1026 ἅπαντ’
1304 967 1375 1028 ἔστὶν

253 1080 334 1156 ὅμοια
348 1079 485 1153 ἀλλήλοις.
499 1077 628 1161 ἀλλὀὔχὶ
641 1077 675 1139 τὰ
688 1078 780 1159 ὅμοιόν
792 1104 817 1138 τι
832 1077 927 1160 ἔχοντα
940 1079 1020 1159 ὅμοια
1034 1079 1132 1141 δίκαιον
1145 1084 1251 1156 καλεῖν,
1267 1079 1327 1142 οὑδὲ
1340 1081 1374 1142 τὰ

253 1196 377 1276 ἀνόμοίον
390 1221 416 1258 τι
438 1195 534 1278 ἔχοντα
554 1196 677 1276 ἀνόμοια,
698 1193 747 1257 κᾶν
766 1196 835 1256 πάνυ
855 1194 964 1280 σμικρὸν
981 1195 1032 1280 ἔχῃ
1051 1197 1082 1258 τὸ
1098 1196 1200 1278 ὅμοῖον.
1220 1197 1278 1260 Illa
1294 1215 1375 1270 ,sane

253 1315 363 1377 odiosa
376 1314 584 1394 reprehensio
599 1320 664 1391 est,
679 1313 784 1376 sedin
804 1331 902 1393 quam
919 1315 1070 1377 Socrates
1088 1316 1219 1378 minime
1237 1315 1358 1379 incidat

253 1431 325 1495 Non
344 1432 430 1496 enim
450 1431 553 1511 agitur
569 1431 613 1493 de
633 1426 892 1493 similitudinibus
910 1431 1212 1512 discriminibusqne
1234 1432 1305 1516 (περί
1322 1439 1375 1494 τῶν
1425 1413 1431 1426 ’

253 1547 343 1629 ὅμοῖον
365 1573 392 1608 τι
413 1545 432 1620 ἢ
455 1547 577 1628 ἀνόμοιον
599 1546 745 1629 &giorum
765 1565 831 1611 non
853 1565 892 1610 ea
912 1539 1048 1628 quaeSlio
1067 1558 1141 1611 est:
1157 1527 1376 1629 ulrumplurtt

254 1667 318 1729 sint
339 1665 458 1745 quibus
478 1667 612 1728 virtutes
630 1665 714 1727 inter
733 1682 769 1727 se
792 1665 913 1727 similes
931 1666 1006 1742 sint,
1022 1683 1064 1728 an
1085 1667 1202 1745 quibus
1226 1665 1376 1730 differant

257 1781 338 1864 (μέγα
356 1782 374 1855 ἢ
388 1773 509 1866 puplii}
522 1782 553 1842 τὸ
566 1781 682 1862 ὅμοιον).
697 1782 768 1845 Non
783 1783 869 1844 enim
883 1784 991 1846 omnia
1003 1783 1090 1846 idem
1105 1791 1305 1847 momentum
1319 1784 1373 1848 ba·

254 1901 333 1962 bent
346 1917 386 1962 ex
398 1899 515 1978 quibus
534 1915 588 1960 res
607 1916 747 1979 quaeque
765 1903 891 1961 constat
906 1915 914 1960 ε
930 1905 1007 1962 sunt
1026 1917 1100 1980 quae
1120 1900 1298 1962 arctissima
1316 1917 1374 1963 eo·

254 2017 406 2097 gnatione
429 2016 674 2095 conjungantur,
696 2032 797 2094 quum
817 2015 1060 2078 dissimillimam
1081 2016 1224 2096 speciem
1249 2033 1318 2096 prae
1338 2033 1376 2080 se

255 2135 370 2197 ferant.
394 2133 441 2196 Ea
458 2133 529 2212 ipsa
547 2133 702 2195 virtmum
725 2137 775 2195 est
798 2131 949 2205 conditio.
969 2131 1099 2212 Aliquid
1122 2131 1209 2194 enim
1231 2132 1375 2212 reperire

255 2265 429 2329 possumus
451 2248 538 2328 quod
557 2248 752 2328 quicumque
770 2247 932 2326 possideat
950 2245 1010 2308 viri
1027 2247 1104 2309 boni
1122 2265 1242 2312 nomen
1255 2249 1375 2327 adipis·

256 2371 358 2441 catur,
384 2380 449 2444 quo
469 2365 577 2424 antem
598 2360 783 2436 deficiente,
798 2362 901 2424 virtus
922 2362 1054 2425 omnino
1077 2378 1150 2424 esse
1171 2380 1237 2424 non
1260 2364 1372 2442 possit.

255 2483 348 2558 Quod
360 2495 463 2563 quum
476 2496 578 2543 unum
593 2493 787 2558 semperque
800 2478 886 2541 idem
899 2479 952 2553 sit,
967 2480 1031 2542 boc
1045 2496 1110 2541 uuo
1123 2478 1276 2544 virtutem
1292 2497 1372 2544 cou-

256 2597 361 2672 tineri,
376 2596 430 2659 vel
443 2612 542 2658 unam
556 2611 628 2657 esse
643 2594 806 2670 virtutem,
822 2600 910 2657 recte
925 2593 1109 2656 dixerimus.

295 2715 365 2777 Non
381 2714 529 2777 eamdem
542 2721 652 2776 tamen
662 2712 855 2775 sententiam
865 2713 1015 2775 Socrates
1024 2711 1157 2791 protulit
1167 2729 1263 2792 qnam
1275 2714 1374 2776 Stoici

256 2839 368 2913 postea
387 2831 459 2895 tuiti
482 2838 567 2906 sunt,
591 2847 698 2911 neque
720 2829 867 2893 absolute
885 2829 980 2893 nobis
1000 2829 1109 2910 placet
1130 2829 1194 2894 hoc
1217 2829 1258 2891 ll.
1281 2831 1375 2893 Tullii

257 2949 415 3012 verbum:
436 2948 549 3010 «Sunt
568 2947 731 3010 Socratica
750 2948 904 3027 pleraque
926 2946 1082 3009 mirabilia
1099 2947 1281 3010 Stoicorum
1300 2961 1378 3027 qnae

258 3066 392 3148 παράδοξα
413 3063 652 3128 nominanturl.
669 3087 685 3120 n
701 3063 794 3138 Nam,
814 3064 843 3125 si
865 3062 981 3126 Stoicis
1001 3063 1100 3126 fidem
1119 3064 1324 3140 adhibemus,
1341 3066 1375 3127 in

257 3201 296 3246 eo
316 3199 429 3246 omnes
447 3182 583 3244 virtutes
603 3181 757 3260 effulgent
779 3181 835 3259 qui
857 3181 1009 3242 virtutem
1029 3198 1127 3242 unam
1141 3181 1304 3261 possidet3
1320 3182 1376 3262 qui

257 3302 397 3380 sapiens,
417 3298 504 3362 idem
522 3299 639 3377 justus,
656 3305 851 3376 temperans,
872 3298 974 3373 fortis,
995 3298 1126 3360 omnino
1151 3297 1314 3378 perlectus
1326 3299 1376 3362 vir

256 3426 330 3483 est:
348 3417 469 3481 nullam
492 3423 601 3479 autem
627 3416 778 3478 virtutem
802 3415 946 3494 possidet
972 3416 1028 3495 qui
1054 3433 1120 3478 non
1148 3432 1261 3479 omnes
1288 3417 1374 3479 colit.

257 3536 340 3598 lllud
360 3535 445 3598 idem
469 3534 619 3596 Socrates
641 3549 721 3595 sane
743 3532 851 3595 dicere
867 3533 1014 3609 videtnr3
1031 3533 1090 3594 sed
1107 3534 1135 3594 si
1157 3533 1242 3594 illius
1260 3550 1376 3596 sensus

258 3652 410 3731 expedire
428 3651 574 3713 valemus
596 3666 703 3730 neque
723 3651 786 3713 bac
805 3656 894 3713 tanta
916 3650 1089 3712 subtilitate
1111 3649 1290 3728 decipimur
1312 3668 1376 3730 qua

257 3771 322 3845 ille,
338 3768 456 3849 ingenii
469 3769 618 3831 acumine
632 3768 717 3830 inter
730 3767 862 3830 Graecos
875 3767 1153 3847 Atheniensesque
1170 3767 1260 3845 ipsos
1273 3769 1377 3831 excel-

259 3887 341 3962 lens,
358 3886 559 3948 adversarios
577 3900 654 3947 snos
671 3885 837 3965 implicare
859 3884 1028 3964 gaudebat,
1049 3885 1113 3946 hoc
1133 3901 1209 3946 eum
1228 3884 1376 3948 docuisse

246 4005 474 4084 agnoscimus
491 4003 623 4065 easdem
642 4002 855 4083 prudentiam,
871 4003 1127 4082 temperantiam,
1144 4001 1373 4079 lorutud'mem,

136 4185 141 4194 ,
259 4123 416 4201 justitiam
439 4138 505 4184 non
526 4122 634 4200 plane,
655 4120 714 4182 sed
732 4126 891 4200 quatenus
912 4121 1057 4195 virtutes
1079 4136 1150 4182 esse
1165 4136 1176 4180 t
1191 4135 1298 4199 neque
1316 4120 1378 4181 alia

264 4241 305 4303 de
331 4257 429 4301 causa
455 4239 609 4300 virtutum
637 4239 767 4302 nomina
787 4255 843 4300 eas
872 4238 1004 4316 adipisci
1022 4251 1119 4318 quam
1144 4237 1230 4314 quod
1256 4237 1378 4318 aliquid
1402 4255 1406 4262 ·

290 4487 311 4534 l.
328 4481 431 4544 cicero,
446 4481 533 4532 Acud.
549 4483 653 4546 priora,
671 4482 705 4546 ll,
723 4494 803 4546 xciv,
821 4482 874 4536 136.
892 4483 932 4536 Cf.
949 4483 1105 4544 Paradene,
1124 4481 1291 4534 Prooeminm
1317 4483 1345 4534 l.
