3544 5468
693 649 919 705 ruaroeouo
1325 639 1371 703 tt

242 775 437 856 illarumque
460 774 600 839 oaudtio
627 791 706 856 qua
727 773 871 838 mentia
893 772 1100 836 nominantur
1126 787 1135 836 :
1159 785 1366 855 unaquaque.

244 892 329 956 euim
342 892 426 956 inter
436 892 594 973 quosdam
602 889 825 956 taummmodo
838 887 992 952 dividitur
999 889 1059 968 qui-
1069 905 1111 952 ax
1123 905 1294 958 eauomen
1302 892 1375 957 sibi·

242 1012 389 1088 trahunt3
409 1010 489 1073 dum
504 1011 578 1073 haeo
596 1009 682 1072 inter
699 1024 817 1078 omnes,
832 1005 1014 1070 eommunis
1031 1021 1106 1068 esso
1125 1007 1243 1086 potffiss
1258 1024 1368 1089 aeque

243 1127 416 1207 quisquam
427 1134 482 1188 est
492 1127 547 1207 qui
561 1115 625 1188 hae
637 1141 750 1188 oarere
764 1141 802 1186 sa
814 1123 961 1186 fateatur.
971 1122 1058 1186 Nihil
1071 1122 1171 1198 onim,
1181 1130 1219 1188 ut
1230 1123 1366 1190 aitthr·

242 1243 343 1307 taeius
359 1243 383 1322 ¹,
410 1243 575 1307 eommuni
600 1257 700 1306 seusu
719 1247 876 1320 reeteque
898 1239 1019 1318 iudioio
1042 1237 1232 1318 aequahiiim
1253 1241 1363 1308 distri..

243 1361 357 1424 butum
380 1366 440 1437 est,
461 1377 526 1440 quo
546 1375 643 1424 nemo
666 1357 814 1421 frustrari
836 1374 877 1420 se
899 1355 1008 1436 queri,
1033 1371 1133 1420 neura
1152 1373 1192 1422 so
1209 1367 1366 1438 praestare

243 1477 360 1541 ueteris
384 1477 515 1558 gloriari
535 1477 702 1539 sustineat.
724 1475 830 1548 Quare
850 1471 1120 1554 quotiesoumque
1141 1474 1184 1538 de
1206 1476 1247 1540 iis
1262 1479 1367 1558 agitur

243 1612 318 1678 quae
336 1594 377 1657 ad
394 1595 480 1656 hano
501 1593 580 1656 honi
597 1586 920 1672 maliquesoientiam
935 1591 1106 1671 pertinent,
1123 1609 1279 1658 nonaum
1292 1603 1366 1659 tan·

242 1711 410 1775 tummodo
428 1711 591 1774 disserere
610 1708 749 1772 sinimus
762 1705 819 1787 qui
838 1713 895 1770 aut
913 1706 1079 1787 physicus,
1099 1715 1156 1772 aut
1173 1713 1363 1794 astrologus,

243 1835 299 1892 aut
321 1829 529 1904 architectus
548 1833 605 1890 aut
623 1829 724 1888 nauta
746 1828 825 1887 est:
847 1839 965 1894 omues
981 1825 1085 1888 rerba
1098 1825 1231 1904 faciunt,
1252 1845 1370 1894 omnes-

243 1946 362 2025 aliquid
381 1946 468 2018 utitis
492 1961 530 2008 se
551 1943 716 2019 decurras,
738 1943 880 2022 aliquam
902 1943 1011 2006 tieem
1029 1960 1066 2006 se
1087 1945 1270 2022 prolaturos
1292 1965 1366 2012 esse

244 2061 411 2124 confidunt
419 2060 446 2120 ².
468 2059 530 2135 Qui
554 2065 663 2124 autom
685 2076 725 2122 ea
745 2058 876 2122 omnino
897 2064 1009 2122 oareut
1030 2059 1135 2124 insani
1157 2069 1214 2125 aut
1235 2065 1370 2128 scelesti

245 2178 422 2255 habentur;
442 2193 528 2258 quos
547 2184 603 2239 aut
621 2175 765 2239 sanando
787 2181 846 2237 aut
865 2175 1029 2255 puniendo
1049 2178 1303 2262 corrigendoque
1323 2183 1364 2245 ad

244 2313 316 2358 eam
331 2294 499 2358 scientiam
513 2293 674 2357 addudere
693 2309 850 2356 conamur
866 2293 937 2362 siue
954 2311 1019 2374 qua
1038 2295 1130 2359 boue-
1141 2299 1206 2360 vivi
1224 2316 1291 2363 nou
1305 2318 1365 2381 po.

244 2418 317 2475 test.
343 2409 475 2475 Ceteras
493 2426 593 2490 porro
614 2409 765 2472 scientias
788 2409 890 2472 semel
912 2408 1078 2487 doeemur,
1099 2429 1180 2492 quas
1202 2415 1261 2480 ubi
1280 2415 1363 2480 didi-

244 2531 349 2594 oimus
360 2529 581 2611 possidemus3
597 2544 636 2590 ea
648 2542 727 2591 vero
739 2543 806 2598 nou
819 2526 945 2591 minore
955 2528 1061 2592 studio
1074 2547 1115 2594 aa
1128 2532 1239 2596 labore
1253 2533 1365 2602 defan-

244 2651 349 2716 deuda
375 2657 426 2716 est
452 2667 549 2732 quam
576 2648 774 2730 querenda,
802 2666 903 2728 quum
933 2650 1035 2713 multa
1060 2665 1126 2715 aas
1149 2651 1302 2721 eontinuo
1329 2658 1368 2720 iu

244 2785 387 2838 errorem
403 2788 523 2852 rapere
532 2777 566 2835 et
578 2787 622 2834 ue
633 2777 723 2834 recte
736 2769 919 2849 judioomus
931 2769 1090 2850 impedire
1104 2775 1260 2853 possint⁸.

289 2889 456 2966 Quomodo
482 2896 590 2952 autam
611 2905 651 2951 aa
669 2903 736 2950 uon
757 2886 914 2951 miremur
935 2905 1010 2968 quae
1030 2891 1173 2970 quotidie
1195 2893 1365 2960 manifesto

245 3010 407 3074 cernimus
429 3022 567 3085 quaeque
589 3005 682 3066 inter
698 3021 736 3066 se
753 3021 898 3084 pugnare
923 3006 1096 3070 videntur:
1112 3025 1211 3074 neruo
1234 3017 1365 3095 estqui

244 3126 321 3209 quid
334 3126 375 3189 sit
387 3126 511 3188 bonum
530 3137 567 3185 se
587 3121 672 3184 seire
690 3127 723 3184 θῖ
745 3119 863 3186 dooere
876 3139 975 3202 posse
988 3141 1054 3187 nou
1067 3126 1240 3207 praedieet3
1255 3131 1370 3195 nullus·

243 3251 352 3308 tamen
371 3241 452 3305 adeo
469 3239 589 3302 virtute
606 3237 853 3318 eloquendique
871 3240 1024 3319 magister
1043 3249 1177 3322 praestat
1199 3253 1236 3310 ut
1259 3247 1363 3313 bonos

244 3359 417 3442 discipulos
437 3373 520 3421 suos·
533 3354 680 3418 docendo
703 3354 834 3418 efficere
854 3356 969 3420 valeat.
987 3359 1129 3422 Similem
1148 3362 1182 3424 iu
1198 3363 1362 3430 &oratioe

243 3479 411 3559 disciplina
427 3477 534 3539 inesse
551 3474 800 3554 discrepantiam
823 3473 959 3538 eredas:
973 3479 1162 3543 nunoenim
1181 3482 1261 3545 nihil
1275 3484 1362 3548 atiud

244 3615 317 3662 asse
328 3597 480 3658 virtutem
492 3591 555 3654 uisi
567 3591 734 3654 seientiam
744 3592 868 3668 asserit,
880 3609 970 3656 nuuc
981 3610 1053 3657 eam
1068 3595 1177 3661 doceri
1187 3616 1256 3663 nou
1263 3619 1360 3682 posse

243 3714 423 3781 confirmat.
441 3709 598 3773 «Nostrae
612 3708 834 3787 disputationis
848 3709 961 3787 exitus,
976 3711 1081 3793 inquit
1095 3714 1245 3781 Socrates
1257 3717 1282 3796 ⁴,
1299 3720 1361 3785 ho·

242 3832 338 3902 minis
355 3830 457 3894 instar
475 3843 537 3890 nos
555 3841 709 3888 accusare
732 3831 765 3888 θῖ
786 3825 933 3891 deridere
949 3829 1087 3907 videtur,
1104 3838 1147 3909 et,
1169 3835 1200 3896 si
1214 3853 1296 3900 voco
1313 3841 1363 3901 uti

243 3953 363 4030 posset,
375 3940 653 4022 dicturus:1nepti
666 3941 754 4019 estis,
770 3943 920 4008 Socrates
930 3945 1171 4030 et,Protagora;
1181 3959 1217 4019 tu
1230 3954 1364 4031 quidem

273 4187 298 4236 1.
315 4181 616 4244 haematitarum
629 4182 663 4234 de
675 4183 704 4233 zo
719 4182 851 4246 Meroe,
864 4185 901 4236 1¹·
914 4187 1010 4251 partie.

273 4259 299 4310 i.
315 4256 436 4318 Proteo„
451 4251 542 4305 atad.

272 4329 298 4451 Ξ.
311 4323 609 4462 tssdxiyisptffiougm
622 4324 822 4384 desinonidto
835 4328 974 4382 versibus.
988 4330 1111 4398 Proteo,
1124 4331 1174 4384 3ss
1184 4337 1205 4387 d
1217 4351 1262 4406 sq.

293 4435 301 4452 .
424 4431 442 4457 ·‚
518 4411 588 4458 a,-
