<?xml version="1.0" encoding="UTF-8"?>
<!DOCTYPE html PUBLIC "-//W3C//DTD XHTML 1.0 Transitional//EN"
    "http://www.w3.org/TR/xhtml1/DTD/xhtml1-transitional.dtd">
<html xmlns="http://www.w3.org/1999/xhtml" xml:lang="en" lang="en">
 <head>
  <title>
</title>
<meta http-equiv="Content-Type" content="text/html;charset=utf-8" />
  <meta name='ocr-system' content='tesseract 3.04.00' />
  <meta name='ocr-capabilities' content='ocr_page ocr_carea ocr_par ocr_line ocrx_word'/>
</head>
<body>
  <div class='ocr_page' id='page_1' title='image "./platonisprotago00joyagoog_0056.png"; bbox 0 0 3544 5468; ppageno 0'>
   <div class='ocr_carea' id='block_1_1' title="bbox 238 723 1362 2218">
    <p class='ocr_par' dir='ltr' id='par_1_1' title="bbox 238 723 1362 2218">
     <span class='ocr_line' id='line_1_1' title="bbox 690 723 1361 784; baseline 0.004 -3"><span class='ocrx_word' id='word_1_1' title='bbox 690 730 914 784; x_wconf 71' lang='lat' dir='ltr'><strong>Pnornuonn</strong></span> <span class='ocrx_word' id='word_1_2' title='bbox 1319 723 1361 784; x_wconf 75' lang='grc'><strong>43</strong></span> 
     </span>
     <span class='ocr_line' id='line_1_2' title="bbox 242 847 1359 936; baseline 0.009 -28"><span class='ocrx_word' id='word_1_3' title='bbox 242 847 434 928; x_wconf 90' lang='lat' dir='ltr'><strong>cupiditates</strong></span> <span class='ocrx_word' id='word_1_4' title='bbox 452 864 527 927; x_wconf 82' lang='lat' dir='ltr'><strong>qnae</strong></span> <span class='ocrx_word' id='word_1_5' title='bbox 546 847 694 912; x_wconf 81' lang='lat' dir='ltr'>celeriter</span> <span class='ocrx_word' id='word_1_6' title='bbox 712 850 913 921; x_wconf 90' lang='lat' dir='ltr'><strong>invalescunt</strong></span> <span class='ocrx_word' id='word_1_7' title='bbox 930 852 1100 934; x_wconf 84' lang='lat' dir='ltr'><strong>majusque</strong></span> <span class='ocrx_word' id='word_1_8' title='bbox 1117 854 1153 916; x_wconf 92' lang='lat' dir='ltr'><strong>in</strong></span> <span class='ocrx_word' id='word_1_9' title='bbox 1169 854 1239 918; x_wconf 90' lang='lat' dir='ltr'><strong>dies</strong></span> <span class='ocrx_word' id='word_1_10' title='bbox 1254 855 1359 936; x_wconf 91' lang='lat' dir='ltr'><strong>impe·</strong></span> 
     </span>
     <span class='ocr_line' id='line_1_3' title="bbox 241 964 1361 1050; baseline 0.01 -25"><span class='ocrx_word' id='word_1_11' title='bbox 241 964 325 1026; x_wconf 91' lang='lat' dir='ltr'><strong>rium</strong></span> <span class='ocrx_word' id='word_1_12' title='bbox 345 971 530 1045; x_wconf 90' lang='lat' dir='ltr'><strong>usurpant:</strong></span> <span class='ocrx_word' id='word_1_13' title='bbox 550 966 613 1029; x_wconf 91' lang='lat' dir='ltr'><strong>illis</strong></span> <span class='ocrx_word' id='word_1_14' title='bbox 632 983 710 1030; x_wconf 88' lang='lat' dir='ltr'><strong>vero</strong></span> <span class='ocrx_word' id='word_1_15' title='bbox 733 968 860 1048; x_wconf 90' lang='lat' dir='ltr'><strong>quoties</strong></span> <span class='ocrx_word' id='word_1_16' title='bbox 883 986 1007 1034; x_wconf 89' lang='lat' dir='ltr'><strong>morem</strong></span> <span class='ocrx_word' id='word_1_17' title='bbox 1027 972 1185 1050; x_wconf 82' lang='lat' dir='ltr'><strong>gerimus,</strong></span> <span class='ocrx_word' id='word_1_18' title='bbox 1206 979 1361 1036; x_wconf 76' lang='lat' dir='ltr'><strong>exbanea</strong></span> 
     </span>
     <span class='ocr_line' id='line_1_4' title="bbox 241 1081 1360 1168; baseline 0.008 -25"><span class='ocrx_word' id='word_1_19' title='bbox 241 1081 272 1143; x_wconf 88' lang='lat' dir='ltr'><strong>vi</strong></span> <span class='ocrx_word' id='word_1_20' title='bbox 291 1081 508 1145; x_wconf 85' lang='lat' dir='ltr'><strong>abstrahimur</strong></span> <span class='ocrx_word' id='word_1_21' title='bbox 526 1090 560 1146; x_wconf 93' lang='lat' dir='ltr'><strong>et</strong></span> <span class='ocrx_word' id='word_1_22' title='bbox 581 1084 786 1164; x_wconf 90' lang='lat' dir='ltr'><strong>proripimur,</strong></span> <span class='ocrx_word' id='word_1_23' title='bbox 807 1086 935 1166; x_wconf 78' lang='lat' dir='ltr'><strong>tyranni</strong></span> <span class='ocrx_word' id='word_1_24' title='bbox 956 1086 1062 1167; x_wconf 89' lang='lat' dir='ltr'><strong>legem</strong></span> <span class='ocrx_word' id='word_1_25' title='bbox 1084 1089 1240 1168; x_wconf 88' lang='lat' dir='ltr'><strong>patimur,</strong></span> <span class='ocrx_word' id='word_1_26' title='bbox 1264 1090 1360 1154; x_wconf 87' lang='lat' dir='ltr'><strong>alieni</strong></span> 
     </span>
     <span class='ocr_line' id='line_1_5' title="bbox 238 1188 1359 1284; baseline 0.008 -23"><span class='ocrx_word' id='word_1_27' title='bbox 238 1199 331 1279; x_wconf 86' lang='lat' dir='ltr'><strong>juris,</strong></span> <span class='ocrx_word' id='word_1_28' title='bbox 344 1198 492 1282; x_wconf 77' lang='grc' dir='ltr'>ἑτερόνομοι</span> <span class='ocrx_word' id='word_1_29' title='bbox 506 1217 619 1263; x_wconf 91' lang='lat' dir='ltr'><strong>sumus</strong></span> <span class='ocrx_word' id='word_1_30' title='bbox 630 1218 637 1263; x_wconf 93' lang='lat'>:</span> <span class='ocrx_word' id='word_1_31' title='bbox 648 1208 727 1264; x_wconf 87' lang='lat' dir='ltr'><strong>tunc</strong></span> <span class='ocrx_word' id='word_1_32' title='bbox 737 1201 834 1282; x_wconf 83' lang='lat' dir='ltr'><strong>igitur</strong></span> <span class='ocrx_word' id='word_1_33' title='bbox 844 1204 929 1266; x_wconf 90' lang='lat' dir='ltr'><strong>male</strong></span> <span class='ocrx_word' id='word_1_34' title='bbox 937 1188 1062 1284; x_wconf 66' lang='lat' dir='ltr'><strong>agnus</strong></span> <span class='ocrx_word' id='word_1_35' title='bbox 1073 1204 1151 1268; x_wconf 90' lang='lat' dir='ltr'><strong>dnm</strong></span> <span class='ocrx_word' id='word_1_36' title='bbox 1159 1205 1244 1270; x_wconf 92' lang='lat' dir='ltr'><strong>bene</strong></span> <span class='ocrx_word' id='word_1_37' title='bbox 1252 1206 1359 1270; x_wconf 81' lang='lat' dir='ltr'><strong>Iacere</strong></span> 
     </span>
     <span class='ocr_line' id='line_1_6' title="bbox 242 1316 1357 1401; baseline 0.008 -23"><span class='ocrx_word' id='word_1_38' title='bbox 242 1333 302 1379; x_wconf 92' lang='lat' dir='ltr'><strong>uos</strong></span> <span class='ocrx_word' id='word_1_39' title='bbox 324 1316 527 1380; x_wconf 88' lang='lat' dir='ltr'><strong>arbitramur.</strong></span> <span class='ocrx_word' id='word_1_40' title='bbox 552 1317 658 1386; x_wconf 82' lang='lat' dir='ltr'><strong>Liberi</strong></span> <span class='ocrx_word' id='word_1_41' title='bbox 683 1335 784 1398; x_wconf 80' lang='lat' dir='ltr'><strong>quum</strong></span> <span class='ocrx_word' id='word_1_42' title='bbox 805 1321 889 1383; x_wconf 86' lang='lat' dir='ltr'><strong>bene</strong></span> <span class='ocrx_word' id='word_1_43' title='bbox 913 1321 1048 1400; x_wconf 89' lang='lat' dir='ltr'><strong>agimus,</strong></span> <span class='ocrx_word' id='word_1_44' title='bbox 1071 1322 1157 1384; x_wconf 86' lang='lat' dir='ltr'><strong>servi</strong></span> <span class='ocrx_word' id='word_1_45' title='bbox 1182 1323 1238 1386; x_wconf 94' lang='lat' dir='ltr'><strong>ubi</strong></span> <span class='ocrx_word' id='word_1_46' title='bbox 1261 1325 1357 1401; x_wconf 88' lang='lat' dir='ltr'><strong>male,</strong></span> 
     </span>
     <span class='ocr_line' id='line_1_7' title="bbox 241 1425 1359 1519; baseline 0.009 -23"><span class='ocrx_word' id='word_1_47' title='bbox 241 1433 394 1511; x_wconf 81' lang='lat' dir='ltr'><strong>sumus⁴;</strong></span> <span class='ocrx_word' id='word_1_48' title='bbox 414 1451 521 1514; x_wconf 88' lang='lat' dir='ltr'><strong>neque</strong></span> <span class='ocrx_word' id='word_1_49' title='bbox 539 1425 601 1496; x_wconf 85' lang='lat' dir='ltr'><strong>alia</strong></span> <span class='ocrx_word' id='word_1_50' title='bbox 619 1435 725 1514; x_wconf 79' lang='lat' dir='ltr'><strong>culpae</strong></span> <span class='ocrx_word' id='word_1_51' title='bbox 745 1442 866 1500; x_wconf 86' lang='lat' dir='ltr'><strong>nostrae</strong></span> <span class='ocrx_word' id='word_1_52' title='bbox 884 1445 1058 1514; x_wconf 88' lang='lat' dir='ltr'><strong>causaest,</strong></span> <span class='ocrx_word' id='word_1_53' title='bbox 1078 1439 1140 1502; x_wconf 92' lang='lat' dir='ltr'><strong>nisi</strong></span> <span class='ocrx_word' id='word_1_54' title='bbox 1157 1456 1266 1519; x_wconf 88' lang='lat' dir='ltr'><strong>error;</strong></span> <span class='ocrx_word' id='word_1_55' title='bbox 1281 1458 1359 1506; x_wconf 89' lang='lat' dir='ltr'><strong>nam</strong></span> 
     </span>
     <span class='ocr_line' id='line_1_8' title="bbox 242 1551 1361 1632; baseline 0.006 -18"><span class='ocrx_word' id='word_1_56' title='bbox 242 1551 396 1632; x_wconf 89' lang='lat' dir='ltr'><strong>quamdiu</strong></span> <span class='ocrx_word' id='word_1_57' title='bbox 423 1555 512 1614; x_wconf 87' lang='lat' dir='ltr'><strong>recte</strong></span> <span class='ocrx_word' id='word_1_58' title='bbox 535 1552 732 1632; x_wconf 86' lang='lat' dir='ltr'><strong>judicamus,</strong></span> <span class='ocrx_word' id='word_1_59' title='bbox 761 1560 851 1618; x_wconf 91' lang='lat' dir='ltr'><strong>recte</strong></span> <span class='ocrx_word' id='word_1_60' title='bbox 878 1553 1023 1618; x_wconf 78' lang='lat' dir='ltr'><strong>iacimus.</strong></span> <span class='ocrx_word' id='word_1_61' title='bbox 1044 1555 1179 1620; x_wconf 84' lang='lat' dir='ltr'><strong>Multum</strong></span> <span class='ocrx_word' id='word_1_62' title='bbox 1205 1557 1298 1620; x_wconf 83' lang='lat' dir='ltr'><strong>abest</strong></span> <span class='ocrx_word' id='word_1_63' title='bbox 1324 1565 1361 1622; x_wconf 94' lang='lat' dir='ltr'><strong>ut</strong></span> 
     </span>
     <span class='ocr_line' id='line_1_9' title="bbox 241 1655 1358 1754; baseline 0.004 -22"><span class='ocrx_word' id='word_1_64' title='bbox 241 1686 370 1749; x_wconf 85' lang='lat' dir='ltr'><strong>semper</strong></span> <span class='ocrx_word' id='word_1_65' title='bbox 383 1669 483 1733; x_wconf 88' lang='lat' dir='ltr'><strong>libere</strong></span> <span class='ocrx_word' id='word_1_66' title='bbox 496 1687 647 1750; x_wconf 81' lang='lat' dir='ltr'><strong>agamus3</strong></span> <span class='ocrx_word' id='word_1_67' title='bbox 663 1671 722 1734; x_wconf 90' lang='lat' dir='ltr'><strong>sed</strong></span> <span class='ocrx_word' id='word_1_68' title='bbox 734 1687 836 1751; x_wconf 88' lang='lat' dir='ltr'><strong>quum</strong></span> <span class='ocrx_word' id='word_1_69' title='bbox 848 1655 941 1734; x_wconf 85' lang='lat' dir='ltr'><strong>liberi</strong></span> <span class='ocrx_word' id='word_1_70' title='bbox 957 1689 1086 1752; x_wconf 86' lang='lat' dir='ltr'><strong>semper</strong></span> <span class='ocrx_word' id='word_1_71' title='bbox 1099 1690 1172 1737; x_wconf 86' lang='lat' dir='ltr'><strong>essa</strong></span> <span class='ocrx_word' id='word_1_72' title='bbox 1185 1675 1358 1754; x_wconf 90' lang='lat' dir='ltr'><strong>possimus,</strong></span> 
     </span>
     <span class='ocr_line' id='line_1_10' title="bbox 240 1785 1361 1857; baseline 0.006 -9"><span class='ocrx_word' id='word_1_73' title='bbox 240 1785 340 1849; x_wconf 89' lang='lat' dir='ltr'><strong>libere</strong></span> <span class='ocrx_word' id='word_1_74' title='bbox 360 1803 398 1850; x_wconf 87' lang='lat' dir='ltr'><strong>ac</strong></span> <span class='ocrx_word' id='word_1_75' title='bbox 417 1786 596 1852; x_wconf 85' lang='lat' dir='ltr'><strong>voluntario</strong></span> <span class='ocrx_word' id='word_1_76' title='bbox 614 1804 674 1851; x_wconf 89' lang='lat' dir='ltr'><strong>uos</strong></span> <span class='ocrx_word' id='word_1_77' title='bbox 691 1803 805 1851; x_wconf 85' lang='lat' dir='ltr'><strong>servos</strong></span> <span class='ocrx_word' id='word_1_78' title='bbox 825 1805 898 1850; x_wconf 86' lang='lat' dir='ltr'><strong>esse</strong></span> <span class='ocrx_word' id='word_1_79' title='bbox 917 1788 1064 1852; x_wconf 85' lang='lat' dir='ltr'><strong>dicimus.</strong></span> <span class='ocrx_word' id='word_1_80' title='bbox 1083 1789 1175 1853; x_wconf 87' lang='lat' dir='ltr'>Unde</span> <span class='ocrx_word' id='word_1_81' title='bbox 1192 1790 1230 1854; x_wconf 89' lang='lat' dir='ltr'><strong>fit</strong></span> <span class='ocrx_word' id='word_1_82' title='bbox 1249 1797 1286 1854; x_wconf 93' lang='lat' dir='ltr'><strong>nt</strong></span> <span class='ocrx_word' id='word_1_83' title='bbox 1303 1808 1361 1857; x_wconf 91' lang='lat' dir='ltr'><strong>eos</strong></span> 
     </span>
     <span class='ocr_line' id='line_1_11' title="bbox 242 1903 1359 1985; baseline 0.006 -20"><span class='ocrx_word' id='word_1_84' title='bbox 242 1903 420 1981; x_wconf 90' lang='lat' dir='ltr'><strong>puniendos</strong></span> <span class='ocrx_word' id='word_1_85' title='bbox 435 1921 508 1967; x_wconf 87' lang='lat' dir='ltr'><strong>csse</strong></span> <span class='ocrx_word' id='word_1_86' title='bbox 526 1921 717 1968; x_wconf 79' lang='lat' dir='ltr'><strong>censeamus</strong></span> <span class='ocrx_word' id='word_1_87' title='bbox 735 1905 791 1985; x_wconf 90' lang='lat' dir='ltr'><strong>qui</strong></span> <span class='ocrx_word' id='word_1_88' title='bbox 808 1905 915 1984; x_wconf 82' lang='lat' dir='ltr'><strong>abquo</strong></span> <span class='ocrx_word' id='word_1_89' title='bbox 935 1923 1008 1968; x_wconf 88' lang='lat' dir='ltr'><strong>sese</strong></span> <span class='ocrx_word' id='word_1_90' title='bbox 1027 1906 1184 1971; x_wconf 86' lang='lat' dir='ltr'><strong>maleficio</strong></span> <span class='ocrx_word' id='word_1_91' title='bbox 1200 1909 1359 1972; x_wconf 91' lang='lat' dir='ltr'><strong>contami-</strong></span> 
     </span>
     <span class='ocr_line' id='line_1_12' title="bbox 241 2020 1361 2102; baseline 0.006 -21"><span class='ocrx_word' id='word_1_92' title='bbox 241 2026 418 2098; x_wconf 85' lang='lat' dir='ltr'><strong>uaverunt3</strong></span> <span class='ocrx_word' id='word_1_93' title='bbox 434 2037 548 2084; x_wconf 91' lang='lat' dir='ltr'><strong>verum</strong></span> <span class='ocrx_word' id='word_1_94' title='bbox 561 2038 619 2084; x_wconf 92' lang='lat' dir='ltr'><strong>eos</strong></span> <span class='ocrx_word' id='word_1_95' title='bbox 636 2020 723 2084; x_wconf 85' lang='lat' dir='ltr'><strong>bona</strong></span> <span class='ocrx_word' id='word_1_96' title='bbox 738 2022 938 2102; x_wconf 79' lang='lat' dir='ltr'><strong>ignoravisse</strong></span> <span class='ocrx_word' id='word_1_97' title='bbox 954 2023 1017 2086; x_wconf 85' lang='lat' dir='ltr'><strong>rati</strong></span> <span class='ocrx_word' id='word_1_98' title='bbox 1033 2028 1067 2085; x_wconf 89' lang='lat' dir='ltr'><strong>et</strong></span> <span class='ocrx_word' id='word_1_99' title='bbox 1082 2023 1179 2086; x_wconf 87' lang='lat' dir='ltr'><strong>variis</strong></span> <span class='ocrx_word' id='word_1_100' title='bbox 1197 2025 1361 2088; x_wconf 88' lang='lat' dir='ltr'><strong>erroribus</strong></span> 
     </span>
     <span class='ocr_line' id='line_1_13' title="bbox 242 2135 1362 2218; baseline 0.006 -20"><span class='ocrx_word' id='word_1_101' title='bbox 242 2135 395 2216; x_wconf 90' lang='lat' dir='ltr'><strong>deceptos</strong></span> <span class='ocrx_word' id='word_1_102' title='bbox 418 2137 529 2218; x_wconf 88' lang='lat' dir='ltr'><strong>inique</strong></span> <span class='ocrx_word' id='word_1_103' title='bbox 552 2139 666 2217; x_wconf 82' lang='lat' dir='ltr'><strong>egisse,</strong></span> <span class='ocrx_word' id='word_1_104' title='bbox 691 2154 730 2200; x_wconf 92' lang='lat' dir='ltr'><strong>ea</strong></span> <span class='ocrx_word' id='word_1_105' title='bbox 752 2143 863 2202; x_wconf 86' lang='lat' dir='ltr'><strong>mente</strong></span> <span class='ocrx_word' id='word_1_106' title='bbox 882 2139 917 2201; x_wconf 91' lang='lat' dir='ltr'><strong>in</strong></span> <span class='ocrx_word' id='word_1_107' title='bbox 939 2157 997 2203; x_wconf 88' lang='lat' dir='ltr'><strong>eos</strong></span> <span class='ocrx_word' id='word_1_108' title='bbox 1019 2141 1302 2204; x_wconf 88' lang='lat' dir='ltr'><strong>animadvertimus</strong></span> <span class='ocrx_word' id='word_1_109' title='bbox 1326 2151 1362 2205; x_wconf 85' lang='lat' dir='ltr'><strong>ut</strong></span> 
     </span>
    </p>
   </div>
   <div class='ocr_carea' id='block_1_2' title="bbox 240 2254 1465 2333">
    <p class='ocr_par' dir='ltr' id='par_1_2' title="bbox 240 2254 1465 2333">
     <span class='ocr_line' id='line_1_14' title="bbox 240 2254 1465 2333; baseline 0.003 -15"><span class='ocrx_word' id='word_1_110' title='bbox 240 2255 352 2319; x_wconf 92' lang='lat' dir='ltr'><strong>oculos</strong></span> <span class='ocrx_word' id='word_1_111' title='bbox 365 2254 496 2318; x_wconf 88' lang='lat' dir='ltr'><strong>tandem</strong></span> <span class='ocrx_word' id='word_1_112' title='bbox 509 2256 665 2333; x_wconf 87' lang='lat' dir='ltr'><strong>aperiant,</strong></span> <span class='ocrx_word' id='word_1_113' title='bbox 681 2256 823 2318; x_wconf 90' lang='lat' dir='ltr'><strong>animum</strong></span> <span class='ocrx_word' id='word_1_114' title='bbox 839 2256 1017 2333; x_wconf 90' lang='lat' dir='ltr'><strong>intendant,</strong></span> <span class='ocrx_word' id='word_1_115' title='bbox 1033 2257 1074 2319; x_wconf 89' lang='lat' dir='ltr'><strong>ad</strong></span> <span class='ocrx_word' id='word_1_116' title='bbox 1086 2259 1255 2322; x_wconf 84' lang='lat' dir='ltr'><strong>ueritatem</strong></span> <span class='ocrx_word' id='word_1_117' title='bbox 1267 2261 1361 2324; x_wconf 90' lang='lat' dir='ltr'><strong>redu·</strong></span> <span class='ocrx_word' id='word_1_118' title='bbox 1453 2308 1465 2322; x_wconf 77' lang='lat'><strong>..</strong></span> 
     </span>
    </p>
   </div>
   <div class='ocr_carea' id='block_1_3' title="bbox 240 2371 1362 2688">
    <p class='ocr_par' dir='ltr' id='par_1_3' title="bbox 240 2371 1362 2688">
     <span class='ocr_line' id='line_1_15' title="bbox 240 2371 1362 2456; baseline 0.004 -20"><span class='ocrx_word' id='word_1_119' title='bbox 240 2379 384 2436; x_wconf 85' lang='lat' dir='ltr'><strong>cantur:</strong></span> <span class='ocrx_word' id='word_1_120' title='bbox 406 2371 557 2456; x_wconf 55' lang='grc' dir='ltr'><strong>ἀποτρόπῳ</strong></span> <span class='ocrx_word' id='word_1_121' title='bbox 582 2373 658 2434; x_wconf 65' lang='grc' dir='ltr'><strong>ἕω</strong></span> <span class='ocrx_word' id='word_1_122' title='bbox 678 2373 840 2454; x_wconf 64' lang='grc' dir='ltr'>κολάζομεν.</span> <span class='ocrx_word' id='word_1_123' title='bbox 862 2374 925 2436; x_wconf 89' lang='lat' dir='ltr'><strong>Sed</strong></span> <span class='ocrx_word' id='word_1_124' title='bbox 948 2391 1047 2454; x_wconf 89' lang='lat' dir='ltr'><strong>quum</strong></span> <span class='ocrx_word' id='word_1_125' title='bbox 1065 2374 1145 2454; x_wconf 85' lang='lat' dir='ltr'><strong>quid</strong></span> <span class='ocrx_word' id='word_1_126' title='bbox 1160 2375 1223 2454; x_wconf 90' lang='lat' dir='ltr'><strong>ipsi</strong></span> <span class='ocrx_word' id='word_1_127' title='bbox 1243 2377 1362 2440; x_wconf 78' lang='lat' dir='ltr'><strong>faciam</strong></span> 
     </span>
     <span class='ocr_line' id='line_1_16' title="bbox 242 2490 1133 2572; baseline -0.001 -18"><span class='ocrx_word' id='word_1_128' title='bbox 242 2493 387 2555; x_wconf 82' lang='lat' dir='ltr'><strong>nesciant</strong></span> <span class='ocrx_word' id='word_1_129' title='bbox 400 2492 525 2554; x_wconf 91' lang='lat' dir='ltr'><strong>minore</strong></span> <span class='ocrx_word' id='word_1_130' title='bbox 538 2491 587 2554; x_wconf 91' lang='lat' dir='ltr'><strong>ira</strong></span> <span class='ocrx_word' id='word_1_131' title='bbox 600 2509 699 2572; x_wconf 89' lang='lat' dir='ltr'><strong>quam</strong></span> <span class='ocrx_word' id='word_1_132' title='bbox 710 2491 917 2554; x_wconf 88' lang='lat' dir='ltr'><strong>miseratione</strong></span> <span class='ocrx_word' id='word_1_133' title='bbox 929 2490 1016 2570; x_wconf 86' lang='lat' dir='ltr'><strong>digni</strong></span> <span class='ocrx_word' id='word_1_134' title='bbox 1027 2491 1133 2554; x_wconf 83' lang='lat' dir='ltr'><strong>sunt².</strong></span> 
     </span>
     <span class='ocr_line' id='line_1_17' title="bbox 281 2607 1359 2688; baseline 0.004 -18"><span class='ocrx_word' id='word_1_135' title='bbox 281 2609 342 2670; x_wconf 91' lang='lat' dir='ltr'><strong>Hic</strong></span> <span class='ocrx_word' id='word_1_136' title='bbox 359 2609 490 2670; x_wconf 90' lang='lat' dir='ltr'><strong>demum</strong></span> <span class='ocrx_word' id='word_1_137' title='bbox 509 2608 660 2670; x_wconf 85' lang='lat' dir='ltr'><strong>virtutem</strong></span> <span class='ocrx_word' id='word_1_138' title='bbox 680 2607 756 2670; x_wconf 87' lang='lat' dir='ltr'><strong>coiit</strong></span> <span class='ocrx_word' id='word_1_139' title='bbox 778 2608 833 2688; x_wconf 89' lang='lat' dir='ltr'><strong>qui</strong></span> <span class='ocrx_word' id='word_1_140' title='bbox 851 2607 952 2670; x_wconf 87' lang='lat' dir='ltr'><strong>libera</strong></span> <span class='ocrx_word' id='word_1_141' title='bbox 973 2625 1033 2670; x_wconf 89' lang='lat' dir='ltr'><strong>sua</strong></span> <span class='ocrx_word' id='word_1_142' title='bbox 1054 2609 1219 2672; x_wconf 85' lang='lat' dir='ltr'><strong>voluntate</strong></span> <span class='ocrx_word' id='word_1_143' title='bbox 1232 2609 1359 2688; x_wconf 76' lang='lat' dir='ltr'><strong>fruitur,</strong></span> 
     </span>
    </p>
   </div>
   <div class='ocr_carea' id='block_1_4' title="bbox 240 2724 1361 3258">
    <p class='ocr_par' dir='ltr' id='par_1_4' title="bbox 240 2724 1361 3258">
     <span class='ocr_line' id='line_1_18' title="bbox 240 2724 1360 2808; baseline 0.002 -21"><span class='ocrx_word' id='word_1_144' title='bbox 240 2725 294 2788; x_wconf 93' lang='lat' dir='ltr'><strong>bic</strong></span> <span class='ocrx_word' id='word_1_145' title='bbox 307 2726 438 2789; x_wconf 89' lang='lat' dir='ltr'><strong>demum</strong></span> <span class='ocrx_word' id='word_1_146' title='bbox 451 2725 533 2788; x_wconf 89' lang='lat' dir='ltr'><strong>liber</strong></span> <span class='ocrx_word' id='word_1_147' title='bbox 546 2732 606 2801; x_wconf 84' lang='lat' dir='ltr'><strong>est,</strong></span> <span class='ocrx_word' id='word_1_148' title='bbox 622 2725 678 2806; x_wconf 87' lang='lat' dir='ltr'><strong>qni</strong></span> <span class='ocrx_word' id='word_1_149' title='bbox 688 2724 765 2804; x_wconf 88' lang='lat' dir='ltr'><strong>quid</strong></span> <span class='ocrx_word' id='word_1_150' title='bbox 777 2724 901 2789; x_wconf 92' lang='lat' dir='ltr'><strong>bonum</strong></span> <span class='ocrx_word' id='word_1_151' title='bbox 911 2724 953 2788; x_wconf 86' lang='lat' dir='ltr'><strong>sit</strong></span> <span class='ocrx_word' id='word_1_152' title='bbox 961 2729 1070 2787; x_wconf 86' lang='lat' dir='ltr'><strong>mente</strong></span> <span class='ocrx_word' id='word_1_153' title='bbox 1081 2725 1177 2805; x_wconf 86' lang='lat' dir='ltr'><strong>capit.</strong></span> <span class='ocrx_word' id='word_1_154' title='bbox 1187 2724 1360 2808; x_wconf 86' lang='lat' dir='ltr'><strong>Nunquam</strong></span> 
     </span>
     <span class='ocr_line' id='line_1_19' title="bbox 241 2831 1361 2923; baseline 0.001 -18"><span class='ocrx_word' id='word_1_155' title='bbox 241 2859 301 2905; x_wconf 89' lang='lat' dir='ltr'><strong>nos</strong></span> <span class='ocrx_word' id='word_1_156' title='bbox 319 2841 360 2905; x_wconf 89' lang='lat' dir='ltr'><strong>ad</strong></span> <span class='ocrx_word' id='word_1_157' title='bbox 377 2843 460 2904; x_wconf 86' lang='lat' dir='ltr'><strong>male</strong></span> <span class='ocrx_word' id='word_1_158' title='bbox 477 2841 637 2922; x_wconf 88' lang='lat' dir='ltr'><strong>agendum</strong></span> <span class='ocrx_word' id='word_1_159' title='bbox 655 2841 803 2905; x_wconf 88' lang='lat' dir='ltr'><strong>libidines</strong></span> <span class='ocrx_word' id='word_1_160' title='bbox 817 2841 956 2915; x_wconf 85' lang='lat' dir='ltr'><strong>trahant,</strong></span> <span class='ocrx_word' id='word_1_161' title='bbox 972 2840 1035 2904; x_wconf 90' lang='lat' dir='ltr'><strong>nisi</strong></span> <span class='ocrx_word' id='word_1_162' title='bbox 1052 2857 1113 2903; x_wconf 88' lang='lat' dir='ltr'><strong>nos</strong></span> <span class='ocrx_word' id='word_1_163' title='bbox 1134 2831 1361 2923; x_wconf 78' lang='lat' dir='ltr'><strong>rattant&#39;atque</strong></span> 
     </span>
     <span class='ocr_line' id='line_1_20' title="bbox 241 2957 1360 3040; baseline -0.001 -15"><span class='ocrx_word' id='word_1_164' title='bbox 241 2959 423 3040; x_wconf 84' lang='lat' dir='ltr'><strong>decipiant:</strong></span> <span class='ocrx_word' id='word_1_165' title='bbox 440 2960 639 3022; x_wconf 85' lang='lat' dir='ltr'><strong>voluntatem</strong></span> <span class='ocrx_word' id='word_1_166' title='bbox 651 2963 765 3022; x_wconf 88' lang='lat' dir='ltr'><strong>contra</strong></span> <span class='ocrx_word' id='word_1_167' title='bbox 778 2958 933 3022; x_wconf 84' lang='lat' dir='ltr'><strong>servitute</strong></span> <span class='ocrx_word' id='word_1_168' title='bbox 948 2957 1062 3022; x_wconf 82' lang='lat' dir='ltr'><strong>eximit</strong></span> <span class='ocrx_word' id='word_1_169' title='bbox 1076 2957 1268 3022; x_wconf 83' lang='lat' dir='ltr'><strong>intellectos.</strong></span> <span class='ocrx_word' id='word_1_170' title='bbox 1285 2959 1360 3024; x_wconf 86' lang='lat' dir='ltr'><strong>Sola</strong></span> 
     </span>
     <span class='ocr_line' id='line_1_21' title="bbox 240 3075 1359 3157; baseline -0.001 -17"><span class='ocrx_word' id='word_1_171' title='bbox 240 3077 335 3157; x_wconf 88' lang='lat' dir='ltr'><strong>igitur</strong></span> <span class='ocrx_word' id='word_1_172' title='bbox 351 3076 429 3140; x_wconf 88' lang='lat' dir='ltr'><strong>boni</strong></span> <span class='ocrx_word' id='word_1_173' title='bbox 447 3076 581 3142; x_wconf 86' lang='lat' dir='ltr'><strong>scientia</strong></span> <span class='ocrx_word' id='word_1_174' title='bbox 595 3093 678 3156; x_wconf 90' lang='lat' dir='ltr'><strong>opus</strong></span> <span class='ocrx_word' id='word_1_175' title='bbox 692 3081 791 3140; x_wconf 90' lang='lat' dir='ltr'><strong>estut</strong></span> <span class='ocrx_word' id='word_1_176' title='bbox 808 3075 912 3140; x_wconf 87' lang='lat' dir='ltr'><strong>libere</strong></span> <span class='ocrx_word' id='word_1_177' title='bbox 930 3093 1064 3156; x_wconf 84' lang='lat' dir='ltr'><strong>agamus</strong></span> <span class='ocrx_word' id='word_1_178' title='bbox 1083 3076 1271 3156; x_wconf 87' lang='lat' dir='ltr'><strong>bonumque</strong></span> <span class='ocrx_word' id='word_1_179' title='bbox 1285 3093 1359 3156; x_wconf 91' lang='lat' dir='ltr'><strong>per-</strong></span> 
     </span>
     <span class='ocr_line' id='line_1_22' title="bbox 240 3193 418 3258; baseline 0.006 -3"><span class='ocrx_word' id='word_1_180' title='bbox 240 3193 418 3258; x_wconf 78' lang='lat' dir='ltr'><strong>ficiamus³.</strong></span> 
     </span>
    </p>
   </div>
   <div class='ocr_carea' id='block_1_5' title="bbox 238 3389 1362 4298">
    <p class='ocr_par' dir='ltr' id='par_1_5' title="bbox 240 3389 1359 3531">
     <span class='ocr_line' id='line_1_23' title="bbox 273 3389 1359 3463; baseline -0.001 -20"><span class='ocrx_word' id='word_1_181' title='bbox 273 3397 295 3443; x_wconf 79' lang='lat'><strong>1.</strong></span> <span class='ocrx_word' id='word_1_182' title='bbox 312 3393 453 3457; x_wconf 82' lang='lat' dir='ltr'><strong>Xenopho,</strong></span> <span class='ocrx_word' id='word_1_183' title='bbox 467 3390 590 3455; x_wconf 66' lang='lat' dir='ltr'><strong>Memor„</strong></span> <span class='ocrx_word' id='word_1_184' title='bbox 608 3393 650 3455; x_wconf 90' lang='lat' dir='ltr'><strong>lv,</strong></span> <span class='ocrx_word' id='word_1_185' title='bbox 666 3407 694 3455; x_wconf 86' lang='lat' dir='ltr'><strong>v,</strong></span> <span class='ocrx_word' id='word_1_186' title='bbox 708 3392 735 3444; x_wconf 88' lang='grc'><strong>3.</strong></span> <span class='ocrx_word' id='word_1_187' title='bbox 747 3395 808 3453; x_wconf 72' lang='lat' dir='ltr'><strong>iod&lt;</strong></span> <span class='ocrx_word' id='word_1_188' title='bbox 822 3394 870 3461; x_wconf 81' lang='grc' dir='ltr'><strong>γὰρ</strong></span> <span class='ocrx_word' id='word_1_189' title='bbox 885 3389 1010 3463; x_wconf 79' lang='grc' dir='ltr'>ἔλέυθερον</span> <span class='ocrx_word' id='word_1_190' title='bbox 1027 3396 1134 3460; x_wconf 81' lang='grc' dir='ltr'><strong>φαίνεταί</strong></span> <span class='ocrx_word' id='word_1_191' title='bbox 1149 3412 1190 3444; x_wconf 86' lang='grc' dir='ltr'><strong>σοι</strong></span> <span class='ocrx_word' id='word_1_192' title='bbox 1203 3395 1232 3444; x_wconf 74' lang='grc' dir='ltr'><strong>τὸ</strong></span> <span class='ocrx_word' id='word_1_193' title='bbox 1246 3391 1359 3461; x_wconf 80' lang='grc' dir='ltr'>πράττειν</span> 
     </span>
     <span class='ocr_line' id='line_1_24' title="bbox 240 3466 411 3531; baseline -0.006 -14"><span class='ocrx_word' id='word_1_194' title='bbox 240 3466 272 3517; x_wconf 79' lang='grc' dir='ltr'><strong>τὰ</strong></span> <span class='ocrx_word' id='word_1_195' title='bbox 287 3466 411 3531; x_wconf 79' lang='grc' dir='ltr'><strong>βέλτιστα.</strong></span> 
     </span>
    </p>

    <p class='ocr_par' dir='ltr' id='par_1_6' title="bbox 239 3533 1361 3882">
     <span class='ocr_line' id='line_1_25' title="bbox 271 3533 1359 3600; baseline -0.001 -15"><span class='ocrx_word' id='word_1_196' title='bbox 271 3535 296 3585; x_wconf 76' lang='lat'><strong>2.</strong></span> <span class='ocrx_word' id='word_1_197' title='bbox 311 3535 433 3600; x_wconf 62' lang='lat' dir='ltr'><strong>Protup,</strong></span> <span class='ocrx_word' id='word_1_198' title='bbox 446 3535 495 3587; x_wconf 73' lang='lat'><strong>324</strong></span> <span class='ocrx_word' id='word_1_199' title='bbox 510 3549 537 3597; x_wconf 89' lang='lat' dir='ltr'><strong>o,</strong></span> <span class='ocrx_word' id='word_1_200' title='bbox 554 3535 579 3586; x_wconf 86' lang='lat' dir='ltr'><strong>b.</strong></span> <span class='ocrx_word' id='word_1_201' title='bbox 597 3565 627 3573; x_wconf 96' lang='lat'><em>-</em></span> <span class='ocrx_word' id='word_1_202' title='bbox 641 3535 683 3588; x_wconf 80' lang='lat' dir='ltr'><strong>ct.</strong></span> <span class='ocrx_word' id='word_1_203' title='bbox 704 3536 820 3598; x_wconf 85' lang='lat' dir='ltr'><strong>Seneca,</strong></span> <span class='ocrx_word' id='word_1_204' title='bbox 837 3535 877 3586; x_wconf 87' lang='lat' dir='ltr'><strong>De</strong></span> <span class='ocrx_word' id='word_1_205' title='bbox 894 3535 952 3596; x_wconf 87' lang='lat' dir='ltr'><strong>Iro,</strong></span> <span class='ocrx_word' id='word_1_206' title='bbox 971 3534 996 3597; x_wconf 83' lang='lat'><strong>1,</strong></span> <span class='ocrx_word' id='word_1_207' title='bbox 1015 3534 1055 3586; x_wconf 86' lang='grc'><strong>16.</strong></span> <span class='ocrx_word' id='word_1_208' title='bbox 1072 3534 1152 3595; x_wconf 87' lang='lat' dir='ltr'><strong>Nam,</strong></span> <span class='ocrx_word' id='word_1_209' title='bbox 1167 3537 1200 3584; x_wconf 87' lang='lat' dir='ltr'><strong>ut</strong></span> <span class='ocrx_word' id='word_1_210' title='bbox 1219 3533 1297 3584; x_wconf 85' lang='lat' dir='ltr'><strong>Plato</strong></span> <span class='ocrx_word' id='word_1_211' title='bbox 1312 3534 1359 3598; x_wconf 83' lang='lat' dir='ltr'><strong>aIt,</strong></span> 
     </span>
     <span class='ocr_line' id='line_1_26' title="bbox 240 3605 1360 3673; baseline -0.003 -16"><span class='ocrx_word' id='word_1_212' title='bbox 240 3621 323 3658; x_wconf 90' lang='lat' dir='ltr'><strong>nemo</strong></span> <span class='ocrx_word' id='word_1_213' title='bbox 334 3609 457 3671; x_wconf 88' lang='lat' dir='ltr'><strong>prudens</strong></span> <span class='ocrx_word' id='word_1_214' title='bbox 471 3608 553 3671; x_wconf 88' lang='lat' dir='ltr'><strong>punit</strong></span> <span class='ocrx_word' id='word_1_215' title='bbox 565 3607 632 3670; x_wconf 81' lang='lat' dir='ltr'><strong>quia</strong></span> <span class='ocrx_word' id='word_1_216' title='bbox 644 3613 790 3673; x_wconf 85' lang='lat' dir='ltr'><strong>peccatum</strong></span> <span class='ocrx_word' id='word_1_217' title='bbox 804 3612 858 3670; x_wconf 88' lang='lat' dir='ltr'><strong>est,</strong></span> <span class='ocrx_word' id='word_1_218' title='bbox 872 3608 923 3657; x_wconf 89' lang='lat' dir='ltr'><strong>scd</strong></span> <span class='ocrx_word' id='word_1_219' title='bbox 936 3619 973 3657; x_wconf 90' lang='lat' dir='ltr'><strong>ne</strong></span> <span class='ocrx_word' id='word_1_220' title='bbox 985 3612 1118 3671; x_wconf 89' lang='lat' dir='ltr'><strong>peccetur</strong></span> <span class='ocrx_word' id='word_1_221' title='bbox 1130 3621 1137 3654; x_wconf 76' lang='grc' dir='ltr'><strong>ι</strong></span> <span class='ocrx_word' id='word_1_222' title='bbox 1149 3605 1275 3656; x_wconf 86' lang='lat' dir='ltr'><strong>revocari</strong></span> <span class='ocrx_word' id='word_1_223' title='bbox 1285 3606 1360 3655; x_wconf 90' lang='lat' dir='ltr'><strong>enim</strong></span> 
     </span>
     <span class='ocr_line' id='line_1_27' title="bbox 240 3675 1361 3742; baseline -0.004 -13"><span class='ocrx_word' id='word_1_224' title='bbox 240 3679 383 3740; x_wconf 80' lang='lat' dir='ltr'><strong>praeterira</strong></span> <span class='ocrx_word' id='word_1_225' title='bbox 400 3692 456 3728; x_wconf 93' lang='lat' dir='ltr'><strong>nou</strong></span> <span class='ocrx_word' id='word_1_226' title='bbox 477 3684 621 3742; x_wconf 85' lang='lat' dir='ltr'><strong>possunt:</strong></span> <span class='ocrx_word' id='word_1_227' title='bbox 642 3679 736 3730; x_wconf 81' lang='lat' dir='ltr'><strong>futura</strong></span> <span class='ocrx_word' id='word_1_228' title='bbox 756 3679 946 3742; x_wconf 85' lang='lat' dir='ltr'><strong>prohibentur.</strong></span> <span class='ocrx_word' id='word_1_229' title='bbox 967 3703 998 3714; x_wconf 96' lang='lat'>-</span> <span class='ocrx_word' id='word_1_230' title='bbox 1017 3677 1149 3738; x_wconf 83' lang='lat' dir='ltr'><strong>Leibnitz,</strong></span> <span class='ocrx_word' id='word_1_231' title='bbox 1168 3676 1263 3726; x_wconf 72' lang='lat' dir='ltr'><strong>Thood.</strong></span> <span class='ocrx_word' id='word_1_232' title='bbox 1282 3675 1306 3726; x_wconf 89' lang='lat' dir='ltr'><strong>ll</strong></span> <span class='ocrx_word' id='word_1_233' title='bbox 1325 3689 1361 3726; x_wconf 85' lang='lat' dir='ltr'><strong>nc</strong></span> 
     </span>
     <span class='ocr_line' id='line_1_28' title="bbox 240 3744 1360 3812; baseline -0.001 -16"><span class='ocrx_word' id='word_1_234' title='bbox 240 3745 298 3796; x_wconf 82' lang='lat' dir='ltr'><strong>Icut</strong></span> <span class='ocrx_word' id='word_1_235' title='bbox 312 3760 362 3810; x_wconf 83' lang='lat' dir='ltr'><strong>pas</strong></span> <span class='ocrx_word' id='word_1_236' title='bbox 378 3746 470 3798; x_wconf 87' lang='lat' dir='ltr'><strong>moins</strong></span> <span class='ocrx_word' id='word_1_237' title='bbox 484 3747 566 3811; x_wconf 89' lang='lat' dir='ltr'><strong>punir</strong></span> <span class='ocrx_word' id='word_1_238' title='bbox 582 3761 654 3799; x_wconf 83' lang='lat' dir='ltr'><strong>ceux</strong></span> <span class='ocrx_word' id='word_1_239' title='bbox 668 3747 716 3812; x_wconf 90' lang='lat' dir='ltr'><strong>qui</strong></span> <span class='ocrx_word' id='word_1_240' title='bbox 731 3748 791 3798; x_wconf 87' lang='lat' dir='ltr'><strong>iont</strong></span> <span class='ocrx_word' id='word_1_241' title='bbox 806 3748 833 3798; x_wconf 89' lang='lat' dir='ltr'><strong>le</strong></span> <span class='ocrx_word' id='word_1_242' title='bbox 848 3747 915 3809; x_wconf 90' lang='lat' dir='ltr'><strong>mal,</strong></span> <span class='ocrx_word' id='word_1_243' title='bbox 929 3760 964 3797; x_wconf 92' lang='lat' dir='ltr'><strong>ne</strong></span> <span class='ocrx_word' id='word_1_244' title='bbox 979 3746 1067 3798; x_wconf 79' lang='lat' dir='ltr'><strong>fdtce</strong></span> <span class='ocrx_word' id='word_1_245' title='bbox 1082 3759 1137 3810; x_wconf 88' lang='lat' dir='ltr'><strong>que</strong></span> <span class='ocrx_word' id='word_1_246' title='bbox 1153 3757 1223 3809; x_wconf 92' lang='lat' dir='ltr'><strong>pour</strong></span> <span class='ocrx_word' id='word_1_247' title='bbox 1234 3744 1296 3794; x_wconf 89' lang='lat' dir='ltr'><strong>leur</strong></span> <span class='ocrx_word' id='word_1_248' title='bbox 1311 3758 1360 3795; x_wconf 92' lang='lat' dir='ltr'><strong>ou·</strong></span> 
     </span>
     <span class='ocr_line' id='line_1_29' title="bbox 239 3817 450 3882; baseline -0.009 -14"><span class='ocrx_word' id='word_1_249' title='bbox 239 3818 297 3868; x_wconf 83' lang='lat' dir='ltr'><strong>vrir</strong></span> <span class='ocrx_word' id='word_1_250' title='bbox 311 3817 355 3868; x_wconf 86' lang='lat' dir='ltr'><strong>les</strong></span> <span class='ocrx_word' id='word_1_251' title='bbox 367 3831 450 3882; x_wconf 79' lang='lat' dir='ltr'><strong>yenx.</strong></span> 
     </span>
    </p>

    <p class='ocr_par' dir='ltr' id='par_1_7' title="bbox 238 3886 1362 4296">
     <span class='ocr_line' id='line_1_30' title="bbox 271 3886 1362 3954; baseline -0.001 -17"><span class='ocrx_word' id='word_1_252' title='bbox 271 3886 296 3937; x_wconf 90' lang='lat'><strong>3.</strong></span> <span class='ocrx_word' id='word_1_253' title='bbox 316 3886 442 3952; x_wconf 82' lang='lat' dir='ltr'><strong>SpInoza,</strong></span> <span class='ocrx_word' id='word_1_254' title='bbox 461 3888 563 3954; x_wconf 69' lang='lat' dir='ltr'><strong>Etbip,</strong></span> <span class='ocrx_word' id='word_1_255' title='bbox 577 3888 603 3940; x_wconf 73' lang='lat'><strong>2·</strong></span> <span class='ocrx_word' id='word_1_256' title='bbox 621 3889 719 3952; x_wconf 88' lang='lat' dir='ltr'><strong>partie,</strong></span> <span class='ocrx_word' id='word_1_257' title='bbox 741 3903 818 3954; x_wconf 91' lang='lat' dir='ltr'><strong>prop.</strong></span> <span class='ocrx_word' id='word_1_258' title='bbox 835 3888 952 3954; x_wconf 84' lang='lat' dir='ltr'><strong>XLVIII,</strong></span> <span class='ocrx_word' id='word_1_259' title='bbox 970 3887 1127 3939; x_wconf 86' lang='lat' dir='ltr'><strong>Corollaire.</strong></span> <span class='ocrx_word' id='word_1_260' title='bbox 1150 3889 1189 3938; x_wconf 83' lang='lat' dir='ltr'><strong>La</strong></span> <span class='ocrx_word' id='word_1_261' title='bbox 1206 3886 1316 3937; x_wconf 73' lang='lat' dir='ltr'><strong>nolonte</strong></span> <span class='ocrx_word' id='word_1_262' title='bbox 1332 3890 1362 3937; x_wconf 87' lang='lat' dir='ltr'><strong>et</strong></span> 
     </span>
     <span class='ocr_line' id='line_1_31' title="bbox 238 3957 1361 4022; baseline 0 -13"><span class='ocrx_word' id='word_1_263' title='bbox 238 3959 455 4011; x_wconf 81' lang='lat' dir='ltr'><strong>l’enteudemeut</strong></span> <span class='ocrx_word' id='word_1_264' title='bbox 470 3967 535 4012; x_wconf 84' lang='lat' dir='ltr'><strong>sont</strong></span> <span class='ocrx_word' id='word_1_265' title='bbox 550 3973 607 4012; x_wconf 87' lang='lat' dir='ltr'><strong>unc</strong></span> <span class='ocrx_word' id='word_1_266' title='bbox 624 3962 703 4012; x_wconf 80' lang='lat' dir='ltr'><strong>ceule</strong></span> <span class='ocrx_word' id='word_1_267' title='bbox 718 3966 747 4012; x_wconf 86' lang='lat' dir='ltr'><strong>et</strong></span> <span class='ocrx_word' id='word_1_268' title='bbox 764 3962 857 4012; x_wconf 79' lang='lat' dir='ltr'><strong>meme</strong></span> <span class='ocrx_word' id='word_1_269' title='bbox 876 3961 972 4012; x_wconf 89' lang='lat' dir='ltr'><strong>chose.</strong></span> <span class='ocrx_word' id='word_1_270' title='bbox 990 3987 1021 3997; x_wconf 96' lang='lat'><em>-</em></span> <span class='ocrx_word' id='word_1_271' title='bbox 1038 3959 1118 4022; x_wconf 68' lang='lat' dir='ltr'><strong>Dim,</strong></span> <span class='ocrx_word' id='word_1_272' title='bbox 1137 3957 1271 4009; x_wconf 80' lang='lat' dir='ltr'><strong>I&#39;Homme</strong></span> <span class='ocrx_word' id='word_1_273' title='bbox 1287 3963 1314 4008; x_wconf 84' lang='lat' dir='ltr'><strong>et</strong></span> <span class='ocrx_word' id='word_1_274' title='bbox 1332 3958 1361 4009; x_wconf 86' lang='lat' dir='ltr'><strong>lu</strong></span> 
     </span>
     <span class='ocr_line' id='line_1_32' title="bbox 240 4029 1360 4096; baseline 0.004 -16"><span class='ocrx_word' id='word_1_275' title='bbox 240 4030 392 4091; x_wconf 81' lang='lat' dir='ltr'><strong>Be&#39;utituda,</strong></span> <span class='ocrx_word' id='word_1_276' title='bbox 409 4031 436 4082; x_wconf 72' lang='lat'><strong>2⁰</strong></span> <span class='ocrx_word' id='word_1_277' title='bbox 451 4032 548 4096; x_wconf 74' lang='lat' dir='ltr'><strong>parde,</strong></span> <span class='ocrx_word' id='word_1_278' title='bbox 565 4032 612 4082; x_wconf 92' lang='lat' dir='ltr'><strong>ch.</strong></span> <span class='ocrx_word' id='word_1_279' title='bbox 629 4043 690 4082; x_wconf 82' lang='lat' dir='ltr'><strong>xix.</strong></span> <span class='ocrx_word' id='word_1_280' title='bbox 705 4034 778 4084; x_wconf 87' lang='lat' dir='ltr'><strong>Pour</strong></span> <span class='ocrx_word' id='word_1_281' title='bbox 794 4045 866 4084; x_wconf 89' lang='lat' dir='ltr'><strong>nous</strong></span> <span class='ocrx_word' id='word_1_282' title='bbox 881 4032 1002 4082; x_wconf 78' lang='lat' dir='ltr'><strong>delivrer</strong></span> <span class='ocrx_word' id='word_1_283' title='bbox 1013 4032 1050 4082; x_wconf 87' lang='lat' dir='ltr'><strong>de</strong></span> <span class='ocrx_word' id='word_1_284' title='bbox 1064 4044 1116 4082; x_wconf 89' lang='lat' dir='ltr'><strong>nos</strong></span> <span class='ocrx_word' id='word_1_285' title='bbox 1133 4029 1272 4094; x_wconf 78' lang='lat' dir='ltr'><strong>passione,</strong></span> <span class='ocrx_word' id='word_1_286' title='bbox 1288 4043 1360 4084; x_wconf 88' lang='lat' dir='ltr'><strong>nous</strong></span> 
     </span>
     <span class='ocr_line' id='line_1_33' title="bbox 241 4100 1359 4166; baseline 0.001 -17"><span class='ocrx_word' id='word_1_287' title='bbox 241 4101 354 4152; x_wconf 80' lang='lat' dir='ltr'><strong>n’avons</strong></span> <span class='ocrx_word' id='word_1_288' title='bbox 369 4102 433 4165; x_wconf 72' lang='lat' dir='ltr'><strong>qu’d</strong></span> <span class='ocrx_word' id='word_1_289' title='bbox 448 4101 516 4152; x_wconf 78' lang='lat' dir='ltr'><strong>faire</strong></span> <span class='ocrx_word' id='word_1_290' title='bbox 531 4116 569 4152; x_wconf 94' lang='lat' dir='ltr'><strong>un</strong></span> <span class='ocrx_word' id='word_1_291' title='bbox 586 4102 643 4152; x_wconf 90' lang='lat' dir='ltr'><strong>bon</strong></span> <span class='ocrx_word' id='word_1_292' title='bbox 659 4116 747 4166; x_wconf 81' lang='lat' dir='ltr'><strong>usage</strong></span> <span class='ocrx_word' id='word_1_293' title='bbox 762 4104 799 4154; x_wconf 92' lang='lat' dir='ltr'><strong>de</strong></span> <span class='ocrx_word' id='word_1_294' title='bbox 814 4107 894 4153; x_wconf 89' lang='lat' dir='ltr'><strong>notre</strong></span> <span class='ocrx_word' id='word_1_295' title='bbox 910 4101 1136 4152; x_wconf 88' lang='lat' dir='ltr'><strong>entendement...</strong></span> <span class='ocrx_word' id='word_1_296' title='bbox 1151 4100 1189 4149; x_wconf 86' lang='lat' dir='ltr'><strong>La</strong></span> <span class='ocrx_word' id='word_1_297' title='bbox 1201 4100 1277 4150; x_wconf 88' lang='lat' dir='ltr'><strong>vraie</strong></span> <span class='ocrx_word' id='word_1_298' title='bbox 1290 4113 1359 4150; x_wconf 91' lang='lat' dir='ltr'><strong>con-</strong></span> 
     </span>
     <span class='ocr_line' id='line_1_34' title="bbox 240 4171 1359 4296; baseline 0.002 -76"><span class='ocrx_word' id='word_1_299' title='bbox 240 4171 388 4296; x_wconf 57' lang='lat' dir='ltr'><strong>fussance</strong></span> <span class='ocrx_word' id='word_1_300' title='bbox 402 4171 480 4226; x_wconf 87' lang='lat' dir='ltr'><strong>seule</strong></span> <span class='ocrx_word' id='word_1_301' title='bbox 496 4177 563 4237; x_wconf 86' lang='lat' dir='ltr'><strong>pent</strong></span> <span class='ocrx_word' id='word_1_302' title='bbox 578 4184 651 4226; x_wconf 84' lang='lat' dir='ltr'><strong>nous</strong></span> <span class='ocrx_word' id='word_1_303' title='bbox 666 4172 767 4224; x_wconf 87' lang='lat' dir='ltr'><strong>rendre</strong></span> <span class='ocrx_word' id='word_1_304' title='bbox 784 4173 880 4238; x_wconf 89' lang='lat' dir='ltr'><strong>libres,</strong></span> <span class='ocrx_word' id='word_1_305' title='bbox 899 4176 928 4224; x_wconf 89' lang='lat' dir='ltr'><strong>et</strong></span> <span class='ocrx_word' id='word_1_306' title='bbox 946 4185 1014 4224; x_wconf 82' lang='lat' dir='ltr'><strong>sans</strong></span> <span class='ocrx_word' id='word_1_307' title='bbox 1032 4171 1086 4224; x_wconf 86' lang='lat' dir='ltr'><strong>elle</strong></span> <span class='ocrx_word' id='word_1_308' title='bbox 1098 4183 1171 4222; x_wconf 86' lang='lat' dir='ltr'><strong>nous</strong></span> <span class='ocrx_word' id='word_1_309' title='bbox 1181 4182 1220 4222; x_wconf 89' lang='lat' dir='ltr'><strong>ne</strong></span> <span class='ocrx_word' id='word_1_310' title='bbox 1232 4183 1359 4237; x_wconf 87' lang='lat' dir='ltr'><strong>ponvons</strong></span> 
     </span>
    </p>

    <p class='ocr_par' dir='ltr' id='par_1_8' title="bbox 252 4242 403 4298">
     <span class='ocr_line' id='line_1_35' title="bbox 252 4242 403 4298; baseline 0.02 -3"><span class='ocrx_word' id='word_1_311' title='bbox 252 4242 403 4298; x_wconf 75' lang='lat' dir='ltr'><strong>ederenir.</strong></span> 
     </span>
    </p>
   </div>
   <div class='ocr_carea' id='block_1_6' title="bbox 0 0 1776 5468">
    <p class='ocr_par' dir='ltr' id='par_1_9' title="bbox 0 0 1776 5468">
     <span class='ocr_line' id='line_1_36' title="bbox 0 0 1776 5468; baseline 0 0"><span class='ocrx_word' id='word_1_312' title='bbox 0 0 1776 5468; x_wconf 95' lang='lat' dir='ltr'><strong> </strong></span> 
     </span>
    </p>
   </div>
  </div>
 </body>
</html>
