3544 5468
877 1717 1020 1792 CAPUT
1051 1719 1084 1794 ll

792 2002 836 2050 DE
856 2002 1009 2050 VIRTUTIS
1029 2001 1168 2050 NATURA

420 2229 440 2282 Ι.
457 2230 512 2282 Cur
525 2244 609 2284 unam
624 2232 736 2285 omnino
752 2233 884 2287 virtutem
898 2247 963 2286 esse
979 2233 1109 2288 Socrates
1125 2236 1261 2289 docuerit.
1276 2261 1307 2274 -
1322 2233 1357 2288 11.
1373 2232 1447 2287 Nihil
1462 2230 1538 2284 aliud

744 2318 809 2358 eoae
825 2305 966 2369 virtutem,
983 2306 1040 2358 nisi
1055 2307 1209 2360 scientiam.

457 2541 539 2614 Quid
558 2543 598 2605 de
613 2541 738 2605 virtutis
759 2547 872 2606 natura
891 2543 1041 2607 Socrates
1055 2543 1216 2608 sensuerit
1229 2559 1330 2625 quum
1349 2543 1443 2606 multi
1461 2549 1536 2606 ante

313 2691 316 2696 -
416 2674 477 2719 nos
499 2658 669 2739 perspicue
691 2659 898 2740 exposuerint
919 2665 952 2722 et
973 2675 1068 2723 nemo
1090 2660 1157 2723 iere
1182 2659 1223 2722 sit
1246 2658 1301 2739 qui
1321 2658 1446 2738 ignoret
1469 2675 1534 2721 non

416 2775 526 2839 multis
538 2776 646 2839 verbis
660 2794 741 2857 opus
755 2783 806 2840 est
819 2793 1045 2841 memoremus.

455 2891 479 2952 I.
496 2892 602 2954 Unam
622 2892 751 2956 omnino
772 2894 924 2965 virtutem
943 2909 1015 2956 esse
1036 2893 1182 2956 docebat.
1196 2893 1304 2974 Longe
1324 2893 1364 2956 ab
1385 2893 1446 2956 ista
1459 2909 1533 2980 sen-

415 3008 515 3070 tentia
529 3007 680 3071 abhorret
693 3008 778 3087 vulgi
790 3009 947 3090 judicium
961 3009 1014 3088 qui
1026 3010 1134 3090 plures
1148 3026 1219 3071 esse
1233 3009 1368 3072 virtutes
1383 3009 1530 3085 aestimat,

416 3124 509 3187 aliam
533 3126 754 3206 temperantiae
781 3126 887 3188 inesse
915 3132 1063 3188 naturam
1087 3125 1202 3202 credit,
1226 3125 1320 3189 aliam
1345 3125 1530 3202 fortitudini,

415 3242 509 3304 aliam
526 3243 718 3321 prudentiae,
735 3259 840 3320 neque
858 3242 899 3305 oh
919 3243 1049 3305 easdem
1068 3260 1183 3305 causas
1200 3242 1323 3304 laudari
1341 3244 1532 3322 prudentem

415 3359 519 3422 virum
543 3365 598 3423 aut
618 3366 785 3422 strenuum
812 3359 998 3435 arbitratur,
1020 3376 1121 3440 quum
1142 3376 1201 3420 sua
1224 3358 1359 3439 quisque
1383 3359 1533 3438 dignitate

416 3481 557 3554 praestet.
583 3476 793 3538 Communem
821 3492 897 3555 ergo
924 3475 1107 3555 opinionem
1131 3482 1263 3537 secutus
1288 3474 1470 3554 Sophista¹‚
1491 3491 1533 3538 ne

416 3609 495 3654 suus
508 3592 548 3654 de
562 3592 680 3654 virtute
694 3608 800 3654 sermo
815 3608 949 3654 maneus
963 3581 1137 3666 videretun
1154 3592 1272 3654 multas
1286 3607 1326 3653 ex
1340 3591 1451 3653 ordine
1465 3591 1531 3654 vir·

416 3719 502 3776 tutes
522 3712 743 3775 annumeravit
765 3728 773 3775 :
794 3712 880 3793 quod
902 3713 1051 3774 Socrates
1070 3711 1163 3774 valde
1182 3709 1335 3774 miratur²
1354 3728 1361 3773 :
1378 3709 1466 3792 ἔλεγες
1482 3710 1531 3795 γὰρ

416 3829 456 3890 δτι
474 3833 488 3890 ὁ
509 3826 573 3896 Ζεύς
589 3826 636 3902 τὴν
654 3827 817 3902 δικαιοσύνην
840 3827 885 3890 καὶ
907 3825 954 3901 τὴν
977 3829 1043 3886 αἰδῶ
1064 3826 1177 3910 πέμψειε
1192 3831 1250 3894 τοῖς
1267 3824 1424 3911 ἀνθρώποις,
1439 3827 1484 3888 καὶ
1499 3819 1533 3888 αύ

416 3950 553 4028 πολλαχοῦ
569 3949 596 4006 ἐν
609 3951 666 4013 τοῖς
679 3945 766 4027 λόγοις
779 3945 884 4027 ἐλέγετο
903 3945 953 4020 ύπό
972 3951 1021 4004 σοῦ
1036 3949 1053 4018 ἡ
1074 3942 1236 4022 δικαιοσύνη,
1248 3944 1293 4005 καὶ
1312 3944 1476 4028 σωφροσύνη,
1489 3945 1535 4007 καὶ

449 4162 472 4210 1.
490 4161 587 4223 Arist„
601 4160 729 4221 Politice,
746 4160 769 4222 Ι,
785 4171 849 4247 xiil,
868 4157 971 4221 116οιι,
987 4155 1110 4208 11.”ωστε
1127 4157 1228 4223 φανερὸν
1243 4155 1279 4207 ὅτι
1296 4156 1360 4208 εστιν
1373 4148 1535 4247 ηδικὴᾶρετὴ

417 4239 465 4284 των
479 4228 611 4302 εἰρημένων
625 4234 722 4285 πάντων
739 4233 781 4283 και
795 4251 841 4282 οοκ
856 4251 877 4321 η
890 4228 951 4295 αοιὴ
970 4230 1122 4315 σωφροσύνη
1132 4229 1247 4314 γυναικὸς
1262 4247 1296 4280 κα
1293 4223 1415 4317 ὶᾶνδρδς,
1428 4227 1471 4277 ουτ
1498 4245 1537 4276 αν-

418 4307 473 4371 δρίοι
490 4306 532 4355 καὶ
554 4307 705 4368 δικαιοσύνη,
726 4303 869 4371 καθαπερ
858 4303 919 4354 dioro
941 4302 1086 4368 Σωκράτης,
1111 4296 1169 4352 ἀλλ’
1189 4321 1205 4364 η
1228 4295 1302 4366 μὲν’
1291 4297 1382 4387 αρχικὴ
1405 4291 1530 4367 ἀνδρία(
1520 4316 1535 4358 η

419 4375 603 4445 δἫὺσηρετικῆ..
608 4370 692 4428 ,noir
708 4375 756 4442 γὰρ
772 4375 870 4440 ἄμεινον
884 4375 997 4438 λέγουσιν
1012 4373 1035 4422 οἱ
1052 4369 1232 4440 ἐξαριθμοῦντες
1248 4370 1291 4429 τὰς
1308 4367 1404 4438 ἀρετάς

449 4445 473 4497 1.
488 4447 609 4513 Protap„
625 4447 673 4498 319
688 4461 712 4511 c
727 4448 754 4497 d
