3544 5468
576 740 625 789 DE
647 695 831 790 PLATONlS
853 739 1076 791 PROTAGORA
1349 729 1390 790 55

311 859 436 925 Etenim
449 877 516 924 non
533 860 638 922 solum
655 858 791 946 boneste
808 867 840 922 et
857 859 995 938 gloriose
1008 860 1083 922 lacit
1097 860 1305 940 dignitatique
1319 877 1389 924 suaa

272 975 445 1056 plurimum
466 974 565 1051 addit,
581 974 637 1055 qui
656 975 808 1036 virtutem
824 972 918 1051 colit,
934 975 993 1038 sed
1015 993 1075 1038 suo
1097 975 1237 1038 hominis
1255 993 1399 1040 munere·

271 1091 424 1172 fungitur,
446 1091 541 1172 eique
563 1091 626 1170 legi
648 1091 835 1169 obsequitur
857 1108 932 1171 quae
953 1107 1080 1154 summo
1104 1108 1180 1154 enm
1201 1091 1336 1170 imperio
1356 1094 1391 1155 in

272 1227 332 1273 nos
344 1215 476 1290 regnat;
493 1209 689 1289 quicumque
703 1224 780 1270 voro
791 1209 876 1271 bene
890 1225 955 1271 non
978 1210 1052 1288 agit,
1068 1209 1188 1289 quique
1200 1227 1266 1274 non
1286 1213 1392 1275 solum

271 1329 348 1394 boni
360 1328 480 1407 aliquid
494 1327 552 1391 sed
566 1331 662 1406 quarn
677 1326 851 1404 plurimum
871 1326 949 1389 boni
967 1344 1130 1406 quamque
1150 1329 1308 1408 optimum
1324 1347 1391 1394 non

271 1445 347 1508 tacit
367 1446 491 1518 noxius,
507 1460 615 1524 neque
638 1448 827 1522 contemptu
849 1443 958 1520 modo,
976 1443 1034 1506 sed
1054 1445 1143 1523 gravi
1161 1461 1258 1524 prena
1276 1447 1390 1525 dignus

271 1568 321 1625 est
342 1579 350 1623 :
371 1579 412 1623 ex
424 1561 488 1623 hoc
505 1559 543 1629 fit
563 1565 600 1622 ut
621 1559 777 1638 supplicia
796 1576 872 1639 quae
894 1559 1039 1622 civilibus
1061 1559 1186 1639 legibus
1208 1560 1390 1642 irrogentur

270 1694 335 1741 non
364 1677 469 1740 solum
497 1675 683 1755 reipublicae
713 1675 801 1738 utilia
823 1675 882 1737 sed
910 1675 1005 1738 etiam
1029 1678 1115 1755 iusta
1143 1693 1215 1740 esse
1246 1678 1387 1743 aesdme-

270 1812 353 1858 mus.

311 1903 383 1966 Non
395 1903 508 1966 eadem
523 1902 610 1978 huie,
627 1919 700 1981 quae
714 1902 882 1964 bominum
895 1902 1049 1966 voluntati
1062 1904 1248 1984 imponitur,
1263 1906 1392 1984 species

269 2025 319 2080 est
332 2017 468 2096 aliisque
480 2014 605 2096 legibus
619 2032 693 2096 quae
706 2015 807 2077 solida
821 2032 958 2096 corpora
970 2018 1188 2080 moderantur.
1199 2018 1388 2082 Necessario

269 2137 355 2202 enim
368 2135 519 2213 fatalique
533 2133 657 2196 loedere
668 2149 722 2196 ros
735 2133 950 2212 continentur,
966 2153 1006 2198 ex
1017 2153 1081 2214 quo
1095 2153 1133 2198 se
1148 2137 1284 2216 eripere,
1300 2137 1389 2216 quod

269 2258 469 2316 commutare
482 2255 648 2330 nequeunt
665 2267 672 2310 :
685 2251 830 2330 sequitur
843 2257 879 2313 ut
893 2253 1013 2331 exlege
1026 2270 1164 2332 semper,
1180 2254 1305 2316 scilicet
1317 2254 1387 2316 dia-

268 2370 387 2433 lectico·
398 2368 523 2444 ordine,
537 2369 753 2447 phaenomena
765 2369 945 2447 gignantur.
956 2368 1022 2431 Nos
1037 2377 1159 2447 contra,
1171 2387 1271 2450 quum
1284 2371 1386 2434 libero

267 2487 443 2550 voluntatis
462 2485 593 2548 arbitrio
611 2484 738 2565 praediti
754 2485 866 2559 simus,
883 2503 957 2565 quae
970 2487 1068 2563 bona,
1083 2493 1194 2566 utpote
1207 2488 1384 2566 dialectica,

267 2618 353 2689 sunt,
376 2611 465 2673 nulla
484 2608 677 2672 necessitate
700 2607 844 2686 cogimur
866 2615 902 2670 ut
926 2607 1091 2684 iaciamus,
1113 2627 1221 2689 neque
1242 2628 1385 2690 unquam

267 2736 328 2797 nisi
349 2735 434 2796 ultro
447 2731 656 2811 exsequimur
672 2747 679 2791 :
694 2745 733 2791 ea
756 2730 1002 2810 praetermittere
1021 2738 1054 2794 et
1072 2739 1280 2795 contemnere
1298 2749 1386 2794 sem-

267 2869 326 2934 per
346 2865 541 2932 possumus;
556 2848 615 2909 sed
637 2864 738 2926 quum
761 2847 810 2908 sic
832 2864 928 2926 agore
951 2865 1010 2910 nos
1033 2849 1114 2911 ratio
1134 2849 1256 2929 jubeat,
1273 2851 1385 2912 noxios

268 2986 340 3032 esse
353 2985 414 3030 nos
428 2966 595 3028 sentimus

306 3087 348 3148 Ut
370 3083 458 3146 enirn
479 3088 553 3144 oum
568 3081 684 3143 ceteris
701 3080 824 3142 nonita
838 3098 891 3143 res
904 3099 940 3144 se
953 3082 1075 3145 habent
1089 3100 1163 3145 oum
1178 3083 1239 3146 hac
1253 3085 1386 3148 scientia

266 3220 340 3283 quac
354 3202 505 3262 virtutem
517 3197 692 3260 constituit.
710 3197 770 3269 Qui
784 3198 1009 3260 mathematica
1024 3199 1197 3278 physicave
1212 3207 1267 3262 aut
1280 3208 1385 3263 astro-

263 3321 382 3399 logiam
402 3317 511 3379 didicit
531 3315 647 3378 ceteris
667 3321 756 3377 certo
778 3317 940 3378 antecellit
958 3317 1014 3394 qui
1032 3333 1070 3377 ea
1083 3317 1231 3394 ignorant
1241 3336 1251 3394 ;
1265 3319 1331 3380 imo
1347 3337 1386 3382 ea

264 3437 393 3499 omnino
421 3434 549 3496 nescire
569 3432 690 3494 homini
711 3437 806 3509 turpe
828 3438 877 3493 est
900 3434 957 3513 qui
980 3433 1014 3494 in
1034 3433 1091 3495 tali
1111 3434 1294 3498 conditione
1307 3437 1386 3500 vixit

263 3560 299 3616 ut
316 3552 355 3612 iis
373 3549 504 3613 studere
517 3553 650 3628 posset:
675 3564 771 3609 nemo
791 3549 888 3610 talem
912 3554 1021 3610 tamen
1038 3549 1250 3627 ignorantiam
1264 3553 1384 3614 sceles-

262 3676 417 3730 tamesae
435 3666 531 3727 dicat.
546 3667 591 3726 Ea
612 3665 699 3727 enim
722 3682 818 3727 nosse
839 3681 951 3727 omnes
969 3683 1035 3726 non
1053 3681 1135 3742 opus
1155 3673 1225 3744 est3
1241 3676 1316 3730 sunt
1330 3671 1385 3748 qui

263 3786 314 3847 his
333 3791 487 3864 praestare
500 3783 587 3844 nullo
610 3783 705 3844 modo
724 3783 867 3861 possint,
884 3789 959 3844 sunt
973 3783 1069 3844 etiarn
1087 3784 1141 3861 qui
1156 3786 1257 3864 magis
1270 3803 1384 3848 neces-

262 3903 355 3964 sariis
375 3900 540 3963 laboribus
566 3899 787 3961 distineantur.
813 3899 893 3960 Boni
921 3916 997 3961 vero
1025 3901 1169 3963 scientiae
1197 3908 1233 3962 ut
1259 3919 1386 3966 summa

263 4036 361 4099 opera
388 4017 516 4079 studeat
542 4017 645 4078 omnis
678 4017 775 4079 bomo
808 4017 1022 4079 sacratissima
1050 4019 1121 4096 lege
1149 4019 1382 4098 obstringitur;

263 4137 354 4216 parvi
374 4152 447 4196 eam
465 4133 571 4195 lacere
590 4133 680 4195 nefas
694 4138 753 4210 est,
770 4133 1014 4214 puniendusque
1032 4135 1060 4196 is
1079 4135 1134 4212 qui
1146 4152 1218 4196 earn
1233 4137 1382 4215 ignorat:

263 4253 345 4314 Nam
360 4269 459 4333 quum
476 4251 554 4313 nihil
574 4267 612 4312 ea
630 4251 773 4330 requirat
790 4251 852 4312 nisi
865 4257 902 4312 ut
914 4257 1057 4314 mentem
1070 4252 1291 4331 rationemque
1305 4271 1386 4316 nos-

264 4376 347 4431 tram
375 4368 478 4431 soluto
506 4369 686 4447 acriterque
713 4384 933 4446 exerceamus,
963 4385 1129 4448 quumque
1157 4369 1198 4430 ad
1221 4369 1254 4431 id
1278 4387 1385 4450 neque

263 4486 419 4548 librorum
430 4486 702 4594 lectionc,'ncque
717 4486 941 4565 magistrorum
954 4485 1167 4561 institutione,
1178 4486 1236 4549 sed
1247 4489 1385 4567 propriis
