3544 5468
695 789 918 841 rnorscoaa
1326 781 1366 844 57

289 915 380 990 Quod
400 931 501 994 quum
525 914 569 974 ita
589 911 641 987 sit,
657 911 744 972 omui
758 927 798 970 ex
817 917 908 988 parte
922 913 1051 990 penitus
1070 929 1146 974 vera
1161 921 1210 976 est
1224 914 1367 978 Socratis
1392 952 1401 960 -

250 1035 290 1096 de
304 1041 418 1095 natura
430 1030 556 1093 virtutis
569 1028 732 1102 doctrina;
748 1045 813 1089 non
828 1043 941 1089 omnes
953 1034 1062 1090 tamen
1077 1046 1230 1092 numeros
1245 1032 1365 1096 habet:

250 1152 329 1212 nihil
349 1149 410 1211 nisi
427 1163 541 1210 verum
555 1145 674 1222 docuit,
690 1144 749 1205 sed
773 1161 847 1205 eum
868 1145 1032 1206 nonnullae
1054 1145 1205 1224 fugerunt
1225 1149 1368 1211 veritatis

251 1276 368 1347 partes.
394 1265 546 1328 llamdem
572 1280 644 1326 esse
665 1263 815 1324 virtutem
842 1269 875 1323 et
899 1263 1065 1325 scientiam
1089 1266 1161 1342 jnre
1187 1267 1365 1341 contendit,

250 1385 317 1447 acri
329 1384 453 1446 ratione
467 1387 620 1459 rectoque
635 1378 753 1458 judicio
766 1394 847 1458 opus
862 1395 946 1457 esse,
962 1379 1083 1441 nullam
1097 1398 1175 1443 vero
1190 1382 1283 1444 aliam
1297 1399 1371 1448 rem

250 1501 380 1580 requiri,
396 1507 433 1561 ut
444 1499 528 1561 bene
542 1512 732 1576 ageremus;
753 1496 815 1557 hoc
835 1505 943 1556 autem
965 1496 1109 1568 muneris
1128 1515 1279 1576 suprema
1297 1499 1369 1580 lege

250 1619 435 1696 impositum
458 1621 508 1677 est
528 1620 565 1676 ut
584 1629 693 1675 acrem
715 1613 873 1674 rationem
897 1603 1087 1693 rectumque
1104 1615 1261 1693 jndicium
1274 1617 1368 1678 nobis
1461 1627 1463 1632 ’

251 1751 451 1815 pareremus.
471 1732 689 1805 Extrinsecus,
704 1735 741 1790 nt
753 1730 797 1790 ita
811 1729 928 1806 dicam,
944 1746 997 1791 res
1011 1747 1141 1809 semper
1155 1732 1370 1795 consideravit

251 1853 423 1914 Socrates:
440 1866 499 1912 cur
518 1849 592 1910 haec
614 1846 666 1908 vel
686 1847 740 1907 illa
762 1845 904 1907 facinora
925 1846 1010 1908 bona
1035 1856 1143 1910 essent
1166 1849 1286 1926 docuit,
1302 1868 1371 1915 non

252 1987 310 2033 cur
321 1970 393 2031 haec
407 1968 459 2029 vel
474 1966 528 2028 illa
542 1970 673 2045 agentes
691 1964 777 2025 bene
799 1962 997 2039 faceremus3
1019 1981 1093 2042 quae
1112 1965 1258 2032 absolute
1277 1985 1368 2046 quae-

251 2103 314 2166 que
336 2085 498 2147 moraliter
520 2082 605 2143 bona
630 2088 740 2143 essent
762 2097 827 2142 non
851 2079 1012 2142 discrevit.
1041 2081 1128 2142 Bene
1155 2083 1241 2159 lacit,
1267 2084 1370 2162 inquit

251 2203 413 2276 Socrates,
432 2200 487 2279 qui
510 2199 689 2261 secundnm
711 2197 867 2258 rationem
892 2197 980 2258 vivit.
1003 2197 1067 2259 Cur
1087 2215 1166 2260 vero
1189 2199 1234 2261 ita
1256 2217 1309 2262 res
1333 2219 1369 2263 se

251 2319 396 2382 habenti
412 2317 503 2393 Quia,
516 2322 552 2377 ut
565 2316 609 2377 ait
621 2314 768 2387 Kantius,
782 2313 825 2374 ita
840 2330 900 2374 nos
913 2313 1020 2374 iacere
1034 2314 1086 2375 lex
1100 2331 1284 2396 munusque
1298 2333 1371 2378 nos

250 2448 337 2503 trum
351 2439 522 2518 imperant.

292 2559 441 2619 Ceterum
454 2561 552 2617 atota
566 2552 788 2632 cognoscenda
806 2551 941 2613 veritate
961 2568 1075 2629 parum
1095 2552 1235 2615 abluisse
1253 2554 1371 2617 Socra.

251 2682 316 2737 tem
340 2691 380 2736 ex
402 2671 581 2752 Epimethei
600 2669 848 2748 Prometheique
868 2668 976 2730 tabula
995 2668 1227 2747 intellgimus¹
1245 2689 1320 2751 qua,
1336 2679 1373 2733 ut

252 2793 345 2855 nobis
364 2791 501 2867 videtur,
523 2787 628 2850 omnis
647 2786 733 2848 illius
754 2785 921 2864 disciplina
944 2785 1117 2864 allegorice
1136 2786 1311 2866 effingitur.
1335 2821 1374 2834 -

252 2912 292 2972 At
314 2909 400 2971 enim
420 2924 486 2969 non
508 2906 542 2966 in
557 2887 707 2966 'Socratis
729 2902 788 2964 sed
809 2903 994 2981 Protagorae
1015 2903 1159 2966 oratione
1180 2905 1303 2982 positus
1323 2912 1374 2969 est

250 3029 303 3089 ille
326 3025 491 3103 apologus,
515 3023 560 3083 ita
581 3026 618 3083 ut
637 3021 678 3082 ad
703 3019 863 3098 Sophistae
886 3019 1065 3081 doctrinam
1089 3021 1190 3099 magis
1211 3023 1373 3100 pertinere

251 3144 397 3206 videatur
410 3141 433 3201 ².
460 3140 542 3214 Quid
568 3138 669 3217 ergo?
693 3138 799 3209 Quum
824 3137 869 3196 illi
892 3137 1043 3198 Socrates
1065 3137 1161 3216 plane
1183 3139 1374 3202 assentiatur

253 3276 359 3338 neque
382 3258 483 3320 semel
505 3255 636 3330 alludat,
662 3269 776 3314 verum
799 3253 913 3330 procul
936 3251 1033 3314 dubio
1056 3253 1147 3315 illum
1173 3270 1246 3316 esse
1267 3256 1374 3318 existi-

254 3379 351 3439 mavit
365 3382 398 3437 et
412 3374 552 3453 quodam
566 3370 662 3433 modo
680 3386 776 3431 suum
789 3368 864 3431 iecit
880 3387 887 3432 :
905 3371 933 3430 si
946 3370 1023 3447 quid
1043 3371 1130 3432 enim
1148 3373 1373 3452 corrigendum

254 3501 308 3554 aut
326 3489 509 3553 addendum
528 3485 725 3562 credidisset,
746 3485 779 3546 id
803 3485 928 3547 silentio
948 3487 1136 3564 neutiquam
1158 3489 1368 3567 praeterisset.

285 3679 307 3722 l.
322 3673 444 3734 Protup,
459 3669 507 3720 320
522 3670 540 3718 d
553 3695 583 3704 —·
597 3666 646 3718 393
661 3683 684 3717 c.

284 3745 310 3794 2,
324 3744 467 3794 Erravisse
482 3741 624 3792 credimus
637 3738 924 3790 Schleiermacherum
943 3739 991 3801 qui
1008 3739 1080 3790 hanc
1093 3739 1213 3790 fabulam
1227 3742 1300 3792 inter
1315 3741 1377 3792 Pla·

253 3817 328 3866 tonis
341 3814 454 3878 mythos
467 3825 521 3862 non
534 3816 631 3862 censet
643 3823 708 3860 esse
720 3809 886 3872 ponendam,
898 3822 985 3872 quum
997 3812 1155 3872 Protagorae
1166 3811 1276 3861 dicendi
1288 3825 1377 3875 genus

255 3893 283 3937 et
296 3888 358 3950 ipsa
371 3884 487 3934 forsitan
500 3883 585 3932 verba
600 3887 698 3932 auctor
718 3881 845 3929 imitatus
867 3880 905 3929 sit
924 3880 1048 3943 nihilque
1063 3881 1139 3931 aliud
1153 3881 1307 3944 protulerit,
1322 3882 1378 3932 nisi

257 3978 273 4002 a·
288 3953 584 4020 grobmaterialistiche
606 3952 815 4014 Denkungsart,
840 3951 886 4000 die
906 3950 976 4001 iiber
998 3952 1044 4002 die
1064 3951 1205 4002 Sinnliche
1225 3952 1379 4016 Erlahrung

255 4031 333 4080 nicht
346 4029 446 4077 hinaus
462 4025 646 4089 philosophirt
662 4043 674 4066 u
691 4021 862 4084 (Einleitunq
878 4037 939 4070 zum
954 4022 1079 4085 Prolem„
1097 4023 1152 4075 vol.
1171 4024 1191 4083 1,
1206 4037 1233 4086 p.
1247 4022 1374 4086 matt).

257 4100 345 4151 Simili
364 4099 448 4148 modo
468 4098 564 4147 Astius
580 4096 694 4156 (Pluto's
713 4094 810 4154 Leben,
828 4109 857 4157 p.
877 4093 928 4157 71),
950 4094 1003 4144 hac
1026 4093 1118 4144 fabula
1140 4095 1242 4158 exponi
1264 4096 1379 4158 scripsit

256 4190 269 4218 «
284 4170 423 4234 Sophistae
437 4170 565 4230 vulgares
581 4167 762 4228 abjectosque
774 4178 887 4225 sensus,
899 4165 948 4228 qui
962 4166 1063 4227 omnia,
1077 4171 1152 4215 artes
1166 4166 1251 4214 etiam
1262 4166 1378 4216 civium·

153 4237 157 4244 '
255 4255 310 4306 que
325 4239 503 4291 concordiam
519 4251 554 4288 ex
570 4235 691 4287 hominis
707 4236 800 4299 inopia
817 4239 901 4298 atque
917 4237 1038 4287 utilitate
1052 4236 1215 4286 deducebat.
1234 4255 1246 4280 u
1261 4263 1293 4272 -
1307 4237 1378 4287 Item

254 4312 418 4364 Kroschelio
432 4311 542 4361 videtur
555 4315 613 4360 tota
626 4309 687 4358 haec
699 4307 793 4358 fabula
805 4309 922 4370 repetita
937 4322 1002 4359 esse
1016 4323 1051 4358 ex
1064 4308 1224 4372 Protagorae
1238 4308 1308 4358 libro
1321 4317 1378 4378 περὶ

255 4391 298 4448 τῆς
315 4381 339 4436 ἐν
354 4385 419 4457 ἄρχῃ
437 4382 628 4442 καταστάσεως
639 4393 799 4443 quanquam
813 4379 880 4442 qnid
893 4380 920 4428 in
935 4393 968 4430 ea
981 4380 1135 4430 imitatione
1152 4393 1317 4444 expressum
1329 4382 1376 4439 sit,

257 4469 312 4506 non
328 4457 397 4504 satis
412 4459 488 4504 certo
505 4451 614 4501 definiri
630 4451 728 4513 possit,
744 4463 831 4513 quum
844 4451 880 4500 de
893 4450 1051 4513 Protagorae
1064 4451 1176 4503 dicendi
1191 4463 1293 4515 genere
1308 4451 1380 4502 nihil

257 4524 399 4576 memoriae
415 4523 546 4574 traditum
557 4521 595 4572 sit
604 4520 721 4585 (annot.
738 4521 775 4570 od
788 4520 915 4584 Protaq„
930 4519 978 4571 320
992 4521 1033 4583 d).
