3544 5468
683 673 907 729 PROTAGORA
1314 661 1354 722 33

237 801 439 865 deiicientem
458 801 679 865 tantummodo
700 815 841 874 causam,
857 802 892 859 ut
911 793 1074 858 Leibnitzii
1093 795 1193 859 verba
1210 813 1348 876 usurpe-

238 933 321 996 mus,
338 920 458 982 malum
470 921 579 999 babet,
595 934 760 998 uunquam
774 932 851 978 vero
866 913 1058 977 efficientem
1075 913 1097 977 ¹.

277 1034 371 1097 Nulla
383 1037 486 1113 major
499 1014 532 1098 in
545 1035 650 1098 ethica
664 1032 796 1096 scientia
810 1031 980 1109 disputatio
995 1029 1179 1107 instituitur,
1194 1030 1282 1093 nulla
1296 1030 1352 1092 dil·

239 1151 352 1213 ficilior
365 1151 561 1231 majorisque
579 1150 758 1228 cautionis:
775 1147 894 1228 quippe
913 1146 953 1209 de
973 1153 1092 1208 nostrae
1113 1147 1285 1209 voluntatis
1301 1164 1355 1210 na·

240 1279 314 1334 tura
333 1274 447 1351 agitur.
470 1272 561 1335 Multi
584 1274 624 1335 de
644 1271 787 1333 bumana
807 1268 954 1331 libertate
972 1268 1018 1330 ita
1035 1268 1250 1347 pronunciant
1269 1275 1305 1331 ut
1328 1269 1355 1330 si

242 1398 379 1470 utraque
392 1391 552 1466 contraria
565 1392 685 1471 pariter
698 1359 855 1468 perticere
875 1403 1042 1466 queamus.
1059 1387 1152 1460 Quod
1169 1387 1203 1448 in
1218 1392 1360 1464 potesta·

242 1513 310 1568 tem
323 1514 467 1570 nostram
481 1523 647 1587 nunquam
660 1506 771 1568 venire
784 1521 975 1584 persuasum
996 1503 1164 1566 habemus.
1181 1503 1252 1567 Non
1273 1506 1358 1566 enim

245 1625 326 1686 velle
346 1623 440 1686 nobis
462 1624 648 1686 conceditur
667 1623 728 1685 uisi
748 1622 834 1701 quud
854 1620 976 1682 bonum
999 1626 1059 1699 est,
1078 1621 1144 1682 imo
1166 1620 1254 1700 quod
1276 1622 1361 1700 opti·

246 1758 335 1802 mum
358 1759 431 1804 esse
453 1741 636 1819 iudicamus
658 1739 683 1800 ².
705 1738 870 1800 Interdum
894 1737 1036 1816 quidem,
1060 1743 1097 1799 ut
1119 1737 1163 1798 ait
1189 1737 1359 1812 CartesiuS,

247 1859 354 1921 evenit
373 1864 429 1935 ut,
453 1874 552 1937 quum
572 1855 666 1918 nobis
690 1855 754 1917 duo
773 1856 868 1934 longe
893 1853 1029 1932 disparis
1053 1853 1146 1933 pretii
1166 1853 1307 1917 facinora
1328 1855 1361 1916 in

248 1982 390 2037 mentem
403 1975 561 2052 venerint,
582 1974 624 2037 ad
637 1974 731 2053 pejus
744 1971 986 2052 exsequendum
1000 1973 1142 2033 animum
1156 1971 1363 2048 inducamus;

250 2099 319 2154 turn
331 2109 410 2154 vero
423 2092 494 2154 baec
509 2109 607 2154 causa
620 2089 802 2153 intercessit
816 2088 902 2168 quod
917 2089 1017 2150 multo
1037 2089 1194 2167 optimum
1207 2089 1277 2151 fore
1298 2107 1365 2152 aes-

252 2209 434 2271 limavimus
447 2209 475 2270 si
487 2207 660 2271 voluntatis
677 2212 797 2268 nostrae
810 2207 876 2266 vim
896 2224 935 2267 ao
954 2210 1145 2283 potestatem
1163 2205 1365 2268 manifestam

250 2327 420 2389 fecerimus
433 2326 457 2388 ³.
471 2325 558 2387 Nulli
573 2340 718 2418 unquam
738 2322 796 2401 rei,
811 2322 872 2384 nisi
891 2323 1004 2400 maiori
1026 2323 1124 2402 bono,
1140 2323 1223 2385 utin
1245 2324 1367 2387 doctis·

250 2445 331 2507 simo
345 2464 404 2507 suo
418 2445 459 2506 de
471 2443 631 2506 Libertate
649 2442 731 2504 libro
750 2440 789 2503 Α.
808 2440 949 2503 Fouillee
969 2441 1170 2520 approbavit,
1192 2442 1365 2523 quidquam

252 2561 329 2624 boni
345 2561 589 2644 posthabemus.

295 2679 387 2752 Quod
401 2695 501 2756 quum
518 2679 563 2739 ita
584 2678 702 2738 sitnon
719 2676 804 2740 bene
827 2691 922 2754 agere
941 2691 1008 2736 non
1031 2691 1203 2753 possumus
1224 2677 1366 2756 quoties-

256 2812 395 2876 cumque
417 2795 501 2857 bene
520 2793 665 2874 judicare
687 2793 781 2856 nobis
807 2792 913 2855 datur.
942 2792 976 2854 Si
995 2792 1066 2871 quis
1084 2794 1170 2854 enim
1193 2794 1270 2872 quid
1292 2813 1370 2859 vere

253 2915 376 2976 bonum
389 2913 430 2974 sit
441 2912 588 2990 intelligit
605 2912 734 2973 eumad
753 2911 838 2972 bene
856 2909 1015 2989 agendum
1031 2927 1096 2971 non
1110 2911 1298 2994 necessitas,
1311 2915 1370 2976 sed

253 3038 375 3091 naturae
390 2991 490 3108 ipsius
502 3033 645 3108 potestus
657 3026 793 3106 impellit
806 3023 830 3086 ἢ

287 3279 311 3327 1.
327 3277 457 3338 Bossuet‚
476 3273 568 3324 Troite
586 3274 624 3323 otu
642 3273 708 3323 libra
726 3271 835 3334 arbitra
855 3273 899 3324 cb.
914 3284 955 3324 x1.
971 3274 1050 3323 Ainsi
1066 3277 1127 3325 tout
1142 3275 1169 3326 le
1186 3278 1243 3327 mal
1261 3279 1309 3343 qui
1329 3284 1374 3331 est

255 3350 327 3400 dans
343 3349 384 3400 les
399 3349 543 3398 creatures
557 3361 574 3397 a
588 3361 640 3397 son
655 3346 721 3397 lond
735 3347 806 3396 dans
820 3345 941 3410 quelque
954 3346 1027 3396 bien.
1043 3347 1079 3397 Le
1093 3347 1149 3397 mal
1164 3361 1200 3399 ne
1214 3350 1290 3401 vient
1301 3352 1374 3405 donc

255 3434 307 3484 pas
323 3421 405 3471 dece
421 3419 470 3482 qui
485 3423 539 3479 est,
555 3419 626 3468 mais
643 3419 727 3468 dece
747 3417 795 3480 qui
814 3417 886 3466 n’est
902 3417 931 3465 ni
950 3416 1074 3468 ordonne
1091 3430 1200 3469 comme
1220 3420 1241 3470 il
1261 3421 1328 3484 faut,
1346 3425 1376 3472 ni

256 3490 384 3555 rapport&
401 3490 438 3540 od
454 3490 474 3538 il
493 3488 560 3550 taut,
581 3491 610 3538 ni
631 3489 702 3538 aime
723 3501 760 3538 ou
781 3489 882 3539 estime
903 3489 940 3538 od
961 3488 982 3537 il
1001 3487 1060 3538 doit
1076 3489 1172 3541 etre...
1192 3490 1266 3542 Tella
1286 3494 1376 3544 ostia

256 3573 342 3612 cause
360 3561 398 3610 du
411 3561 509 3623 peche,
525 3561 550 3610 si
567 3559 698 3611 toutefois
718 3560 746 3609 le
766 3557 854 3622 peche
873 3563 940 3622 peut
957 3558 1034 3608 avoir
1055 3572 1111 3608 une
1129 3561 1262 3611 ventable
1279 3576 1374 3614 cause.

257 3631 337 3694 blais,
348 3644 418 3695 pour
429 3631 520 3694 parler
528 3631 592 3693 plus
603 3634 788 3694 proprement,
800 3642 908 3681 comme
917 3629 944 3679 le
953 3631 1037 3680 noant
1048 3630 1111 3680 n'en
1120 3643 1137 3679 a
1145 3631 1229 3695 point,
1241 3633 1268 3682 le
1278 3635 1375 3698 peche,

258 3701 307 3764 qui
323 3707 367 3750 est
382 3715 420 3752 un
436 3700 530 3750 detaut
543 3705 575 3750 ‘et
588 3713 644 3750 une
660 3701 761 3764 espece
777 3702 812 3751 de
828 3701 921 3762 neunt,
938 3700 1002 3750 n’eu
1018 3713 1036 3749 a
1049 3701 1126 3765 point
1142 3703 1229 3753 aussi.

291 3770 316 3820 2
331 3771 398 3822 Vide
412 3772 498 3834 supr‘a
510 3771 546 3821 ad
560 3785 622 3835 pag.
637 3771 679 3828 32,
697 3777 792 3822 notam
805 3771 829 3821 2.

289 3841 314 3892 3.
328 3843 484 3904 besuenses,
494 3842 583 3894 Lettre
596 3858 633 3893 ou
646 3842 680 3893 P.
693 3843 843 3894 Mersenne.
858 3843 879 3893 ll
891 3856 964 3894 nous
978 3847 1022 3894 est
1034 3845 1160 3909 toujours
1173 3844 1243 3896 libre
1255 3846 1290 3897 de
1304 3861 1376 3899 nous

259 3913 407 3978 empeeher
419 3913 454 3963 de
468 3915 632 3978 poursuivre
646 3929 684 3964 un
697 3914 761 3965 bien
773 3914 820 3979 qui
835 3928 906 3965 nous
921 3919 964 3965 est
975 3914 1136 3966 clairement
1148 3928 1240 3966 oonnu
1252 3929 1289 3967 ou
1300 3918 1375 3970 d'ad-

257 3990 359 4035 mettre
375 3998 432 4035 nne
449 3985 537 4035 verite
555 3987 692 4047 evidente,
711 4000 817 4050 pourvu
835 3987 991 4036 seulement
1009 4001 1063 4050 quo
1085 3999 1157 4037 nous
1174 3988 1306 4051 pensions
1322 4003 1378 4053 que

259 4056 328 4106 c'est
341 4069 380 4106 un
394 4056 458 4106 bien
473 4056 508 4106 de
522 4057 674 4118 temoigner
689 4071 739 4121 par
754 4057 781 4108 la
794 4061 873 4108 notre
889 4056 967 4109 franc
980 4057 1095 4107 arbitro.

289 4125 315 4175 4.
330 4125 488 4176 Desoartes.
503 4126 712 4178 L’indiiierenoe
728 4140 783 4191 que
796 4128 825 4190 je
843 4139 910 4177 sens
929 4127 1041 4190 lorsque
1055 4127 1084 4190 je
1102 4140 1140 4177 ne
1156 4127 1219 4178 suis
1232 4129 1309 4192 point
1322 4144 1378 4182 em-

259 4197 338 4261 porte
349 4210 413 4248 vers
424 4211 462 4246 un
474 4196 536 4247 cote
549 4197 639 4261 plutbt
652 4212 707 4262 que
718 4212 783 4248 vers
795 4212 832 4248 un
844 4203 924 4249 autre
934 4212 984 4262 par
1000 4199 1025 4249 le
1039 4198 1121 4262 poids
1135 4197 1270 4250 d’aucune
1283 4202 1377 4253 raison

259 4272 305 4319 est
320 4269 346 4318 le
362 4270 425 4333 plus
439 4269 490 4320 bas
506 4268 590 4332 degne
605 4270 642 4320 de
654 4273 682 4322 lu
695 4270 793 4322 liberte
804 4277 833 4320 et
847 4269 895 4321 fait
907 4271 1027 4335 paraitre
1042 4270 1131 4335 plutdt
1147 4283 1186 4322 un
1199 4270 1294 4324 detaut
1305 4275 1377 4326 dens

257 4339 286 4390 la
301 4341 503 4392 connaissance
518 4342 621 4405 qu’une
635 4343 788 4406 perfectiou
803 4343 873 4393 dans
887 4343 914 4393 la
928 4343 1047 4404 nolonte,
1062 4355 1110 4392 ear
1124 4342 1149 4392 si
1162 4343 1190 4406 je
1202 4345 1377 4398 connaissais

257 4410 384 4475 toujours
394 4411 556 4463 clairement
568 4424 601 4464 ce
614 4412 661 4478 qui
675 4417 720 4466 est
733 4413 793 4463 vrai
807 4419 835 4465 et
848 4426 883 4464 oe
893 4413 940 4477 qui
954 4419 999 4466 est
1012 4412 1076 4472 bon,
1087 4412 1162 4477 iens
1176 4414 1266 4466 serais
1277 4415 1378 4480 jamais

1220 4505 1236 4562 3
