3544 5468
411 697 451 760 42
844 711 893 762 1111
910 711 1098 767 rurortrs

450 833 580 906 'Quanta
601 827 780 894 constmtia
795 829 1003 896 iniurieorum
1028 849 1164 898 morum
1186 833 1528 900 111ιωί1111151-

413 954 531 1026 crates,
550 960 658 1026 neque
677 963 717 1010 as
738 965 760 1010 a
784 948 947 1028 promto
964 961 1028 1014 suo
1053 950 1210 1015 deterreri
1229 965 1362 1032 pamua„
1384 956 1419 1014 et
1443 950 1528 1014 idem

412 1079 543 1145 semper
555 1082 592 1128 se
603 1069 752 1128 acturum
764 1063 936 1145 pollicitus,
952 1067 1104 1146 quamdiu
1117 1067 1183 1132 uita
1196 1073 1384 1148 suppeteret
1399 1067 1423 1146 ¹,
1437 1066 1530 1131 multi

413 1182 520 1246 mirati
539 1187 626 1246 sunt
650 1181 739 1245 lilius
761 1197 839 1245 vero
856 1181 1016 1246 domitatis
1039 1193 1138 1248 causa
1157 1183 1327 1248 manifesta
1347 1189 1401 1247 ast
1416 1202 1425 1249 :
1440 1191 1529 1247 recte

411 1316 509 1380 apere
522 1315 560 1362 se
573 1297 713 1377 sciebm,
727 1297 791 1360 hoc
807 1297 869 1360 sibi
879 1315 1001 1362 munus
1021 1299 1116 1364 ediis
1129 1300 1315 1382 impositum
1332 1316 1406 1363 esse
1423 1300 1527 1364 ratns²

412 1421 450 1480 ut
462 1414 673 1480 Athenienses
685 1413 838 1478 meliores
851 1415 1012 1480 redderet.
1028 1415 1149 1480 Omnes
1161 1423 1269 1480 autem
1277 1417 1389 1492 scium
1403 1416 1530 1497 quantis

412 1533 594 1613 virtutibus,
609 1549 708 1612 quam
725 1532 907 1613 proesertim
927 1532 1042 1597 erinna
1059 1533 1244 1598 fortitudine
1262 1533 1307 1596 illi
1324 1533 1409 1596 inter
1427 1532 1529 1596 chris-

411 1652 517 1716 tianos
535 1649 722 1729 1111111111,
738 1651 857 1732 miletae
874 1650 956 1714 tides
977 1651 1109 1730 inesset,
1128 1651 1162 1714 id
1182 1657 1232 1714 est
1248 1651 1306 1730 qu·
1322 1666 1434 1714 veram
1451 1650 1529 1714 doo-

413 1769 531 1833 triuam
554 1767 741 1830 didicissent
768 1773 801 1832 et
821 1766 1054 1830 intellexissent
1070 1785 1079 1830 z
1094 1766 1174 1830 nihil
1196 1767 1250 1831 ille
1271 1783 1337 1831 non
1356 1767 1457 1831 adet
1476 1767 1530 1831 cui

313 1961 315 1966 ,
411 1884 533 1965 ahquid
546 1901 605 1963 pro
619 1889 707 1946 certo
722 1889 772 1946 est
784 1889 818 1947 el
829 1883 864 1945 in
877 1889 986 1948 mente
999 1884 1113 1947 haeret.

453 2002 505 2065 iv.
527 2001 678 2064 Ceterum
691 1999 823 2063 minima
835 1999 923 2062 inens
941 2005 974 2063 et
991 1999 1151 2081 passibilis
1171 2006 1222 2064 est
1241 2005 1351 2064 nostra
1370 2001 1526 2079 voluntas,

413 2136 521 2200 neque
543 2135 618 2198 quae
639 2117 840 2180 extrinsecus
860 2116 983 2180 moveri
1005 2115 1179 2194 desideret,
1200 2123 1352 2181 externos
1372 2118 1531 2197 impulsus

415 2235 550 2315 accipiat
563 2239 596 2298 et
613 2239 777 2312 sequatur,
793 2233 838 2296 ila
856 2239 891 2295 ut
909 2232 988 2295 nihil
1006 2233 1067 2295 nisi
1087 2239 1193 2297 utrem
1213 2234 1276 2296 utri
1297 2239 1423 2314 partam
1446 2242 1532 2298 ante·

413 2368 535 2434 ponere
549 2351 674 2432 placeat
686 2350 862 2414 decernere
880 2349 993 2430 possit.
1009 2348 1288 2422 Quemadmodum
1302 2349 1388 2414 enim
1405 2357 1457 2414 est
1472 2363 1532 2414 sua

413 2471 532 2550 cuique
555 2467 664 2548 generi
688 2466 871 2545 plantarum
893 2465 1145 2546 animaliumque
1168 2466 1220 2528 lex
1241 2472 1356 2530 natura
1374 2468 1470 2532 insita
1492 2485 1532 2532 ex

416 2606 481 2668 qua
502 2585 656 2650 adolescit
675 2595 837 2665 suumque
861 2583 1099 2646 incrementum
1115 2589 1232 2661 sponte
1250 2583 1353 2663 oepit,
1375 2584 1437 2646 nisi
1456 2587 1533 2664 quid

416 2706 446 2768 ei
467 2703 574 2767 obstat
599 2707 697 2781 atque
721 2701 951 2782 impedimento
980 2705 1049 2779 est,
1073 2699 1120 2763 ila
1147 2699 1301 2763 naturalis
1323 2700 1533 2782 ultroneaque

418 2821 533 2884 animae
548 2824 668 2883 nostres
684 2817 733 2881 vis
746 2817 830 2880 inest
843 2833 908 2896 qua
921 2815 963 2880 ad
977 2831 1016 2879 ea
1029 2831 1105 2895 quae
1119 2831 1160 2879 ex
1173 2811 1335 2878 naturast
1352 2817 1533 2883 conditione

416 2944 526 3003 nostra
537 2935 719 3000 necessario
733 2949 772 2997 ac
786 2932 952 2997 dialectice
966 2937 1098 2995 manent
1111 2932 1394 2998 vehementissime
1406 2934 1507 2999 lentur
1523 2953 1530 2998 :

416 3072 456 3120 ea
475 3069 553 3118 vero
574 3051 713 3115 maxime
730 3052 815 3115 bona
832 3065 906 3114 esse
933 3048 1235 3113 demonstravimus.
1257 3048 1361 3122 Quam
1380 3052 1533 3130 quamdiu

417 3172 534 3235 ducem
555 3168 737 3250 sequimur,
752 3166 855 3232 nostri
873 3166 966 3247 juris,
985 3166 1090 3229 aliena
1107 3165 1295 3229 auctoritate
1313 3166 1427 3242 soluti,
1442 3168 1536 3234 liberi

416 3294 514 3368 atque
533 3284 685 3367 αὐτόνομοι,
707 3291 742 3348 ut
761 3284 805 3347 ait
827 3283 984 3362 Kantius,
1007 3281 1157 3348 sumus⁸.
1178 3282 1292 3360 Simul,
1314 3292 1351 3348 ut
1371 3292 1480 3350 mente
1501 3294 1535 3350 et

416 3406 539 3471 ratione
562 3403 831 3485 predicemus,
854 3399 931 3480 quid
955 3417 1087 3480 agamus
1111 3400 1352 3479 cognoscimus,
1372 3401 1535 3482 sapienter

417 3524 621 3588 ethereum
639 3520 744 3582 lacere
756 3517 981 3598 intelligimus3
996 3516 1043 3580 illi
1055 3517 1151 3595 igitur
1165 3516 1307 3579 interiori
1320 3517 1384 3597 legi
1399 3519 1535 3582 libenter

418 3644 545 3704 nosmet
576 3636 783 3717 sth'ioimus,
811 3634 994 3714 liquidaque
1021 3633 1130 3696 laetitia
1163 3633 1398 3712 perfundimur.
1428 3636 1534 3710 Quum

417 3775 496 3822 vero
515 3770 664 3835 magnam
686 3754 882 3831 voluptatem
906 3769 946 3813 ex
968 3750 1161 3830 quibusdam
1183 3749 1282 3813 rebus
1301 3751 1534 3832 percipiemus,

419 3891 494 3957 quae
511 3887 627 3937 sensus
641 3876 770 3932 nostros
782 3868 969 3948 percellent,
982 3883 1021 3930 eo
1031 3866 1222 3930 adducimur
1233 3874 1268 3931 ut
1278 3867 1381 3931 bonas
1395 3845 1537 3934 eas'esse

419 3991 588 4056 credemus
602 4002 722 4066 easque
735 3990 935 4064 appetamus.
950 3983 1106 4059 Quaedam
1115 3999 1192 4063 ergo
1202 3984 1235 4045 in
1249 3983 1343 4047 nobis
1357 3991 1537 4050 nascuntur

452 4239 475 4286 1.
489 4232 576 4295 Plato,
591 4230 681 4295 Apol,
695 4228 728 4282 19
741 4228 770 4280 d.
1076 4237 1079 4244 ·

450 4307 475 4358 1.
490 4305 576 4367 Plato,
591 4303 681 4367 Apol„
699 4301 731 4353 ne
744 4315 767 4364 e,
786 4299 816 4354 31
836 4315 859 4362 o,
879 4301 906 4364 d,
922 4299 954 4352 33
968 4315 992 4351 o.
1007 4327 1037 4338 -
1053 4298 1146 4362 Grote‚
1162 4299 1234 4351 11111.
1251 4313 1304 4364 or„
1318 4303 1341 4352 1.
1358 4297 1418 4363 ΧΠ,
1433 4299 1481 4352 ch.
1498 4313 1527 4352 rv

420 4396 450 4446 p.
467 4377 515 4428 250
529 4375 611 4440 (trad.
625 4372 786 4438 franceise).
803 4398 833 4410 -
848 4372 945 4436 meter.
959 4371 1031 4426 11111.
1049 4372 1082 4423 de
1099 4371 1127 4422 lo
1139 4372 1220 4438 phil,
1237 4372 1283 4425 liv.
1300 4371 1357 4434 llll,
1373 4370 1422 4426 ch.
1438 4383 1470 4424 11.

451 4449 476 4504 3.
490 4447 529 4502 Gi·
544 4445 675 4511 temnite,
693 4443 843 4498 Tdc'oolire'c.
