3544 5468
493 696 496 702 ’
558 721 608 772 nn
628 716 812 771 emrorns
835 715 1059 770 rnornconn
1328 707 1369 772 19

154 903 157 906 .
246 843 362 920 ὁσιόιης,
378 841 425 902 καὶ
441 841 528 902 πάντα
545 841 626 902 ταῦθ’
642 846 680 908 ὡς
698 841 725 900 ἓν
738 866 764 900 τι
783 841 825 914 εἴη
843 839 1001 914 συλλήόδην,
1022 838 1113 922 αἴρει-δ.
1129 840 1220 902 Ταῦτ’
1238 835 1282 903 oio
1300 845 1368 905 uiri

246 961 329 1022 δίελθέ
344 983 390 1040 μοι
401 960 515 1042 &apsidis
530 963 568 1040 τῷ
582 957 665 1042 λόγῳ,
677 957 786 1040 πότερον
796 957 822 1016 ἓν
832 957 881 1036 μέν
893 957 999 1017 σι’ἒστιν
1012 963 1029 1030 ἣ
1044 957 1135 1039 ἀρετ-ὁ,
1151 957 1230 1040 μόρια
1244 958 1272 1020 δὲ
1287 964 1371 1034 αὐτῆς

246 1078 317 1138 ἐστὶν
329 1082 347 1150 ἡ
361 1074 522 1152 δικαιοσύνη,
537 1074 583 1135 καὶ
596 1074 762 1158 σωφροσύνη,
777 1073 822 1134 καὶ
836 1071 953 1150 ὁσιότης,
968 1072 986 1145 ἢ
1000 1072 1082 1133 ταῦτ’
1095 1073 1165 1133 ἐστὶν
1179 1074 1196 1133 ὁ
1210 1081 1254 1135 νῦν
1267 1075 1299 1150 δὴ
1315 1075 1369 1156 ἐγὼ

249 1313 445 1390 perstrinxit,
461 1312 583 1373 scilicet
604 1318 760 1388 quantum
781 1311 864 1371 inter
884 1327 919 1371 se
938 1309 1299 1372 differrentvirtutes12
1321 1305 1371 1395 ἆρ’

249 1418 294 1487 οὖν
307 1425 375 1487 otro
392 1425 490 1486 καὶτὰ
512 1431 557 1499 τῆς
575 1429 668 1508 ἀρετῆς
688 1424 766 1508 μόρια
785 1425 831 1486 οὔκ
849 1425 953 1486 ἔστιτὸ
974 1425 1059 1508 ἕτερον
1074 1417 1132 1486 οἷον
1152 1428 1183 1487 τὸ
1199 1431 1296 1512 ἕτερον,
1312 1429 1371 1490 οὔτε

248 1545 314 1606 αὐτὸ
325 1542 384 1604 οὗθ’
397 1548 415 1616 ἡ
429 1542 535 1622 δύναμις
554 1546 702 1619 αὐτοῦ;..,.
714 1578 755 1586 -
769 1541 852 1602 Ἀλλ’
864 1541 958 1620 οὕτως,
970 1541 1031 1624 ἔφη,
1048 1543 1114 1623 ἔχει,
1128 1546 1151 1602 ὠ
1165 1542 1318 1626 Σώκρατες.
1331 1581 1372 1591 -

228 1656 233 1664 ’
249 1660 332 1744 Κᾳγὼ
346 1651 434 1735 eison,
442 1658 515 1720 οὐδὲν
529 1652 577 1741 ἆρ’
588 1663 645 1718 ἔστι
660 1663 713 1718 τῶν
727 1663 774 1730 τῆς
788 1663 882 1741 ἀρετῆς
898 1659 996 1742 μορίων
1011 1660 1078 1718 ἄλλο
1091 1654 1144 1718 οἷον
1158 1662 1302 1741 ἐπιστήμη,
1311 1663 1372 1722 οὐδ’

249 1745 303 1835 οἷον
316 1772 477 1848 δικαιοσύνη,
498 1772 559 1832 οὐδ’
576 1765 629 1832 οἷον
649 1771 764 1854 ἀνδρεία,
780 1771 841 1832 οὐδ’
855 1763 908 1832 οἷον
923 1771 1087 1856 σωφροσύνη,
1106 1773 1167 1833 οὐδ’
1184 1766 1238 1834 οἷον
1254 1777 1370 1849 ὁσιότης.

249 1925 289 1936 -
308 1893 367 1952 Οὐκ
385 1891 445 1975 ἔφη.
466 1890 616 1968 Plerique
637 1889 722 1952 enim
740 1889 889 1950 homines
907 1889 949 1950 ed
967 1907 1006 1951 ea
1026 1892 1205 1968 praesertim
1228 1893 1371 1954 animum

246 2010 420 2070 advertunt
430 2007 547 2086 quibus
560 2022 614 2067 res
626 2007 710 2067 inter
721 2023 757 2068 se
772 2005 968 2084 discrepant,
984 2007 1061 2068 dum
1074 2008 1224 2069 Socrates
1238 2026 1276 2071 ea
1291 2027 1370 2088 prae-

245 2125 343 2205 cipue
358 2122 591 2187 consideranda
606 2138 679 2183 esse
699 2129 792 2199 putat
814 2121 934 2200 quibus
947 2122 1068 2184 similes
1082 2130 1168 2198 suot,
1187 2141 1293 2203 neque
1312 2143 1372 2188 nos

242 2243 332 2322 prius
352 2249 479 2304 rectam
502 2240 544 2302 de
556 2240 654 2301 rebus
671 2240 858 2318 opinionem
872 2238 1049 2315 habituros,
1069 2258 1167 2318 quam
1187 2257 1242 2303 eas
1260 2243 1294 2303 in
1312 2261 1372 2306 sua

244 2375 362 2439 genera
390 2358 614 2421 reduxerimus
641 2373 771 2436 unaque
803 2373 917 2418 omnes
949 2357 1164 2437 descriptione
1194 2360 1371 2437 conjunxe-

245 2475 381 2539 rimus².

207 2646 213 2654 .
287 2593 455 2657 Communi
474 2601 582 2654 tamen
600 2591 729 2654 vinculo
747 2589 883 2653 virtutes
902 2591 1062 2671 Sophiste,
1079 2592 1284 2670 quantumvis
1303 2593 1371 2654 dis·

248 2711 379 2785 similes,
395 2709 553 2773 contineri
570 2715 603 2771 et
619 2709 653 2770 in
670 2724 772 2770 unum
786 2707 873 2770 coire
890 2706 1024 2784 fatetur,
1040 2715 1195 2788 tanquam
1209 2727 1250 2772 ex
1262 2711 1371 2772 diver·

249 2827 382 2890 sissimis
412 2825 557 2905 partibus
584 2825 692 2887 voltus
720 2825 883 2887 humanus
912 2825 1116 2905 contingitur.
1145 2826 1266 2888 Verum
1293 2825 1373 2888 illud

249 2943 372 3006 Socrati
389 2959 456 3005 non
474 2942 551 3004 satis
569 2947 633 3017 est,
655 2941 774 3022 quippe
792 2942 847 3020 qui
866 2958 982 3021 parum
1004 2942 1125 3021 liquida
1147 2944 1291 3006 oratione
1312 2944 1371 3018 uti,

249 3061 356 3123 dubiis
379 3067 412 3122 et
435 3060 567 3122 incertis
591 3058 757 3121 sententiis
778 3057 943 3120 immorari
969 3065 1121 3139 nequeat.
1145 3059 1258 3122 Omnis
1286 3061 1373 3122 enim

249 3176 390 3239 definitio
404 3175 446 3238 ad
460 3182 610 3238 naturam
624 3180 761 3254 spectat,
777 3174 819 3235 ad
833 3177 1016 3251 essentiam,
1033 3177 1074 3238 ad
1093 3177 1125 3238 id
1144 3177 1231 3256 quod
1246 3177 1369 3239 Aristo·

249 3293 331 3356 teles
343 3291 391 3366 viv
403 3292 494 3353 οὐσίαν
507 3291 553 3354 καὶ
566 3291 597 3352 τὸ
610 3290 637 3350 τί
651 3293 708 3352 ἐστι
720 3298 816 3354 vocat
825 3291 848 3352 ⁸.
867 3291 949 3364 Quid
964 3293 1060 3372 igitur
1077 3295 1118 3356 sit
1133 3294 1237 3357 virtus
1250 3311 1374 3374 curque

249 3415 375 3472 rectum
389 3411 627 3488 honestumque
643 3410 704 3470 hoc
719 3409 849 3483 iactum,
865 3408 986 3470 malum
999 3408 1079 3471 illud
1090 3410 1266 3487 judicetur,
1284 3429 1374 3490 quae·

250 3526 388 3588 rendum
406 3526 467 3587 sibi
481 3526 642 3606 proponit.
663 3526 812 3603 Singulas
833 3525 969 3587 virtutes
988 3509 1133 3604 explorat
1151 3534 1184 3589 et
1202 3530 1371 3608 perpendit

251 3651 287 3707 ut
301 3660 366 3706 uno
380 3644 561 3723 eodemque
571 3641 673 3705 verbo
688 3659 803 3705 omnes
816 3641 942 3705 definiri
956 3659 1051 3722 posse
1065 3643 1279 3709 demonstret.

290 3761 337 3822 Do
356 3775 549 3839 unaquaque
564 3759 778 3837 quaestionem
791 3758 905 3820 iisdem
930 3759 1031 3821 terme
1052 3759 1159 3822 verbis
1182 3761 1305 3824 orditur
1325 3765 1371 3835 εὴ

249 3872 398 3952 δικαιοσύνη
410 3882 520 3956 πρᾶγμα
535 3871 561 3932 τὶ
579 3873 662 3948 ἐστιν,
681 3870 699 3945 ἢ
717 3869 790 3932 οὐδὲν
807 3881 970 3955 πρᾶγμα..
994 3875 1088 3934 οὐκοῦν
1109 3875 1155 3936 καὶ
1173 3874 1297 3949 ὁσιότητα
1315 3876 1372 3936 τινά

276 4107 301 4158 1,
315 4105 437 4168 Proice..
453 4103 503 4156 w
519 4118 546 4164 ιι,
562 4103 591 4154 b.

275 4179 301 4230 2.
315 4177 403 4238 Proto,
417 4175 543 4236 Phoar..
557 4169 676 4226 idid!
657 4193 690 4232 εις
705 4172 801 4239 μίανι’
815 4168 881 4224 ἷδεάν
896 4173 1034 4265 ouvopim'
1048 4176 1116 4241 ἄγειν
1129 4173 1161 4226 τὰ
1176 4179 1371 4252 πολλαχῆδιεσ-

245 4251 367 4319 sappiro,
383 4247 417 4300 ἶν’
430 4247 536 4300 ἕκαστον
549 4247 689 4315 ὁριζόμενος
704 4247 779 4308 δῆλον
794 4251 853 4319 ποιῇ
870 4241 969 4313 περὶ
941 4267 971 4300 ou
986 4246 1015 4297 ἂν
1030 4243 1069 4298 ιἰεὸ
1082 4247 1206 4299 διδάσκειν
1222 4237 1338 4322 ietim'
1319 4269 1373 4300 ωσ-

246 4317 510 4451 Ἴριαννὲὸιέιιιρὶ
526 4317 667 4386 ΗΕρωτος
654 4337 668 4370 o
686 4317 753 4368 ἔστιν
766 4304 872 4384 ὁρισθὲν,
889 4319 937 4370 εἴτε
951 4319 1021 4372 ιδ’
995 4339 1043 4371 erre
1056 4326 1141 4376 ιαιιως
1154 4315 1250 4398 ἐλέχθη.
1266 4305 1306 4371 Ci.
1321 4320 1372 4371 So-

244 4409 265 4460 p
286 4395 351 4453 ieta,
472 4404 497 4440 e.

281 4465 310 4519 3.
326 4466 409 4517 nist.
413 4461 567 4527 ,Metaplm
583 4458 634 4515 xii
648 4462 705 4528 (ii),
721 4473 760 4523 tv,
775 4460 878 4516 107812.
894 4458 972 4515 ἐκεῖνο
1001 4459 1108 4529 εὐλόγως
1121 4457 1199 4528 ἔζητιι
1214 4464 1244 4514 τὸ
1258 4460 1306 4516 ri’
1295 4483 1371 4517 εστιν.
