3544 5468
678 731 902 784 pnorneonn
1309 719 1348 781 17

230 854 337 939 μέτρον)
351 855 488 918 docebat
503 855 713 932 Protagoras3
729 871 801 932 qum
820 859 1018 932 quantopere
1037 853 1116 916 [alsa
1134 862 1220 918 esset
1239 857 1347 934 opinio

231 975 381 1036 Socrates
400 973 434 1034 in
455 969 607 1032 Theaeteto
625 969 886 1033 demonstravit¹.
901 971 957 1033 Est
975 971 1062 1052 quod
1078 978 1195 1035 natura
1213 973 1345 1049 bonum,

232 1098 347 1154 natura
372 1090 491 1151 maium
514 1089 570 1163 sit,
596 1089 683 1168 quod
707 1087 799 1149 multi
822 1105 911 1167 saepe
933 1088 1102 1168 ignorant,
1127 1091 1214 1170 quod
1236 1107 1351 1154 omues

235 1224 363 1287 semper
377 1213 605 1286 exsequuntur,
621 1206 674 1284 qui
689 1212 899 1284 cognoscunt.

276 1325 384 1387 Nostri
411 1323 531 1385 arbitrii
556 1321 699 1401 proiecto
726 1339 859 1398 sumus,
890 1323 1044 1402 quamdiu
1066 1323 1181 1386 rationi
1207 1325 1355 1388 suadenti

238 1459 408 1522 paremus,
434 1443 527 1520 quus
552 1438 609 1501 ubi
639 1439 810 1518 imperium
839 1439 1077 1516 detrectamus,
1104 1439 1231 1503 ditionis
1259 1441 1355 1504 timus

239 1558 380 1621 alienat
397 1559 476 1631 Quis
500 1574 577 1618 vero
598 1557 724 1635 ignorat
742 1555 829 1634 quod
848 1557 888 1617 ab
906 1557 1077 1619 Aristoteie
1100 1558 1355 1620 demonstratum

241 1683 290 1738 est
305 1694 313 1736 z
328 1676 525 1754 voluptatem
539 1689 579 1734 ex
596 1673 763 1735 industriae
777 1678 897 1734 nostrae
911 1673 1140 1736 exercitatione
1158 1675 1236 1737 oriri
1251 1693 1258 1736 :
1275 1692 1356 1737 nun-

242 1810 339 1873 quam
353 1808 414 1852 nos
427 1789 538 1852 beatos
555 1789 617 1851 nisi
630 1788 754 1868 agendo
769 1789 839 1850 fieri
853 1805 959 1866 posse,
977 1806 1078 1869 quum
1098 1791 1261 1871 voluptate
1275 1792 1359 1854 actio

244 1912 314 1990 ipsa
325 1910 413 1972 velut
424 1907 607 1987 perficiatur
622 1912 655 1968 et
669 1906 854 1968 absolvatur
864 1905 893 1983 ³3
908 1924 1015 1986 neque
1034 1908 1155 1985 majore
1172 1925 1234 1970 nos
1250 1909 1359 1971 laetitia
1374 1982 1376 1986 .

246 2026 391 2106 perfundi
408 2042 505 2106 quam
520 2040 620 2102 quum
634 2024 736 2102 magis
748 2023 946 2101 nostrijuris
963 2023 1129 2085 fuerimus.
1147 2024 1231 2097 Quid
1248 2022 1362 2104 plura?

246 2143 402 2206 Virtutem
419 2156 548 2219 semper
569 2155 697 2221 summa
720 2139 868 2216 voluptas
887 2139 1043 2218 sequitur,
1059 2157 1167 2218 neque
1185 2141 1247 2202 alia
1267 2157 1366 2204 causa

248 2265 297 2320 est
317 2274 376 2320 cur
396 2258 556 2331 Socrates,
571 2253 685 2316 iisdem
705 2254 771 2316 tere
789 2253 898 2316 verbis
916 2271 1007 2330 usus
1027 2255 1146 2334 quibus
1165 2256 1364 2333 Aristoteles,

248 2375 355 2438 omnia
368 2390 441 2455 quae
459 2379 547 2435 recte
566 2378 638 2435 acta
656 2377 766 2433 essent
783 2371 817 2432 in
836 2373 1033 2450 voluptatem
1049 2371 1197 2435 desinere
1211 2372 1260 2452 (εὶς
1273 2373 1368 2448 ἡδονὰς

249 2487 437 2568 emisam)
451 2486 642 2551 dictitarent
654 2486 676 2564 ⁸,
691 2484 811 2550 nedum
831 2503 907 2549 eum
925 2486 1087 2565 Aristippo
1104 2488 1190 2552 viam
1203 2489 1369 2567 aperuisse

251 2610 455 2674 arbitremur.

281 2793 306 2842 1.
324 2794 408 2855 Plato,
425 2792 565 2846 Tdooetet..
577 2791 622 2842 151
639 2804 699 2840 e-
717 2786 763 2840 too
777 2803 800 2838 e.

282 2864 308 2912 n.
322 2864 406 2926 κω,
422 2864 572 2926 nam.,1v,
587 2875 615 2924 v,
630 2860 657 2912 3.

283 2935 309 2984 3.
325 2937 428 2996 arisit,
441 2935 506 2985 Eth.
521 2935 598 2996 Nic„
616 2934 749 2999 X‚1,v‚(8)
768 2933 831 2986 1175
845 2949 871 2995 a,

286 3008 310 3057 d.
325 3007 446 3071 Protoq„
463 3006 511 3058 354
526 3007 550 3055 b.
