3544 5468
717 678 941 742 neormam
1349 673 1390 734 39

271 813 437 892 milliaque
470 809 618 891 exempla
644 808 782 872 afferunt
810 810 978 898 hominum
1005 814 1088 891 quos
1114 809 1324 890 cupiditatum
1356 812 1389 874 vi

271 937 442 1012 prereptos
455 929 540 992 male
554 928 659 1008 egisse
671 928 793 1004 dicunt,
810 933 911 1009 quum
935 931 1009 1010 qu'ae
1027 926 1113 991 boba
1131 929 1205 1009 quae
1222 927 1306 992 mala
1324 930 1405 1010 sint·

270 1065 328 1124 eos
341 1063 408 1110 non
420 1046 618 1126 ignoravisse
636 1047 789 1125 appareat
809 1045 833 1110 ¹.
855 1045 962 1109 Solam
984 1045 1141 1109 rationem
1163 1043 1291 1124 dignam
1313 1062 1388 1110 esse

270 1181 383 1230 ornnes
399 1166 543 1229 latentur
565 1167 639 1242 quie
663 1163 701 1224 in
727 1162 821 1225 nobis
847 1159 971 1242 regnet,
995 1164 1055 1225 sed
1079 1164 1195 1242 parum
1218 1162 1387 1228 efficacem

272 1287 431 1348 'eamosso
444 1283 578 1345 censent
596 1285 703 1360 neque
719 1278 887 1343 libidinum
903 1279 1062 1358 impetum
1080 1279 1245 1344 continere
1258 1295 1387 1361 semper

270 1405 376 1482 posse.
792 1457 795 1460 .

309 1519 483 1596 Nunquam
509 1521 622 1580 contra
648 1516 703 1579 tali
730 1514 910 1578 calamitate
935 1514 1019 1578 affici
1046 1513 1211 1580 hominem
1236 1515 1388 1582 Socratas

272 1634 447 1711 asserebat,
461 1649 569 1712 neque
582 1649 654 1695 eam
677 1648 750 1696 esso
770 1648 858 1695 verae
873 1631 1016 1696 'scientiae
1034 1637 1182 1695 naturam
1204 1638 1241 1695 ut
1263 1631 1329 1696 ulla
1349 1649 1386 1698 ro

269 1753 355 1816 vinci
365 1755 476 1830 posset
492 1768 499 1811 :
520 1749 610 1832 ᾶνῇρει
623 1752 692 1817 dlii:
705 1748 753 1809 aci
765 1751 814 1808 ott
833 1748 882 1832 ἔφή
901 1747 1029 1832 ἀκρασίαν
1048 1739 1125 1811 εἶναι.
1144 1747 1251 1812 Multis
1273 1752 1386 1829 p'rocul

274 1869 371 1932 dublo
385 1866 506 1930 viribus
518 1869 602 1946 opus
613 1871 662 1929 est
673 1872 708 1929 ut
721 1866 818 1928 animi
827 1867 931 1928 nostri
941 1864 1110 1929 affectibus
1121 1866 1270 1930 resistere
1284 1868 1385 1930 valea·

268 2003 352 2061 mus,
364 1990 400 2048 ut
409 1989 526 2064 pravas
536 1981 727 2060 cupiditates
741 1981 895 2046 cohibere
909 1988 941 2045 et
951 1983 1121 2046 devincere
1131 2000 1304 2063 queamus;
1315 1985 1385 2047 illas

273 2107 383 2167 autem
395 2101 482 2164 vires
494 2102 564 2180 ipsa
582 2115 641 2180 per
655 2115 692 2162 se
711 2099 787 2164 boni
809 2100 943 2162 scicntia
963 2099 1087 2162 confert
1105 2101 1137 2162 et
1159 2101 1325 2164 continet:
1347 2120 1385 2166 ea

270 2220 356 2284 enim
374 2223 424 2280 est
449 2216 528 2280 boni
552 2216 687 2278 scientia
714 2222 750 2279 nt
780 2217 1036 2296 potentissimum
1062 2218 1096 2280 lu
1118 2218 1212 2282 uobis
1233 2218 1385 2283 allectum

267 2338 375 2418 gignat
386 2350 485 2415 quem
499 2333 599 2397 nullae
611 2341 767 2412 ‘superare
781 2333 947 2413 cupidates
960 2334 1084 2414 possint
1099 2353 1107 2398 :
1123 2343 1229 2416 neque
1242 2352 1385 2417 unquam

267 2453 414 2517 accidere
437 2457 597 2533 potestat
620 2450 669 2514 vir
690 2452 819 2530 sapiens
840 2467 981 2538 veraque
1001 2451 1168 2532 disciplina
1188 2462 1320 2519 ornatus
1342 2457 1384 2518 ad

267 2571 351 2634 mala
364 2569 560 2650 perficienda
577 2568 695 2631 invitus
709 2569 860 2648 rapiatur.

306 2687 379 2750 Non
391 2689 502 2750 iteres
520 2702 556 2749 sc
573 2681 695 2748 habere
716 2701 831 2765 parum
852 2691 994 2749 attentus
1016 2688 1249 2770 contemplator
1273 2691 1381 2754 existi·

268 2811 356 2870 mat:
379 2803 450 2868 fieri
468 2803 555 2866 enirn
577 2819 674 2882 posse
696 2801 845 2887 videturL
853 2809 1025 2884 postquam
1046 2811 1114 2869 toto
1135 2806 1241 2871 animo
1261 2809 1373 2888 cogita·

268 2923 385 2996 vimus,
401 2920 544 3000 quidque
557 2917 680 2982 bonum
699 2919 777 3000 quid
791 2919 913 2983 malurn
931 2921 974 2983 sit
990 2921 1203 3001 dignovimus
1218 2931 1254 2988 ut
1267 2941 1377 3006 exper-

266 3040 407 3118 giscatur
429 3037 536 3101 subito
565 3035 715 3117 quaedam
747 3035 802 3099 diu
816 3007 933 3117 ‘sopita
952 3037 1070 3117 libido;
1098 3046 1132 3103 et
1155 3042 1327 3121 quonlam,
1347 3051 1383 3106 ut

266 3171 365 3237 supra
383 3153 686 3232 demonstravimus,
701 3151 826 3216 nullum
844 3153 928 3216 inter
948 3173 1064 3218 sensus
1086 3157 1270 3238 judiciaque
1293 3160 1383 3224 dissi·
1411 3165 1415 3172 '

266 3272 354 3335 dium
378 3287 451 3334 esse
477 3273 603 3348 potest,
630 3267 671 3330 ad
696 3285 735 3331 ea
757 3269 890 3332 meliora
914 3271 1086 3350 iudicanda
1113 3275 1174 3336 ‘nos
1198 3280 1381 3341 ueoessario

224 3469 227 3476 ,
267 3388 405 3452 adducat
417 3403 493 3468 quae
508 3402 608 3467 prava
621 3402 694 3448 csse
709 3403 769 3448 nos
781 3386 913 3450 minime
925 3388 1033 3468 fugiat.

303 3503 476 3584 Nunquam
484 3509 596 3566 contra
610 3503 707 3567 talem
722 3520 795 3568 esse
807 3510 950 3567 nostram
965 3504 1180 3570 conditionem
1191 3525 1383 3590 persuasum

265 3622 435 3685 habemus.
449 3621 569 3684 Verum
584 3625 658 3684 ante
670 3622 777 3684 omnia
791 3621 868 3700 quid
889 3622 941 3684 his
959 3622 1066 3684 verbis
1081 3642 1098 3684 c
1113 3624 1191 3703 quid
1204 3627 1326 3692 bonum
1341 3631 1383 3693 sit

266 3740 350 3802 scire
364 3761 382 3796 »
397 3736 530 3817 intelligi
546 3737 663 3800 debeat
686 3737 910 3818 explicandum
931 3745 991 3801 est.
1006 3739 1133 3803 Etenim
1150 3759 1383 3826 nonnunquam

266 3868 305 3919 ea
318 3855 402 3918 scire
419 3854 579 3931 videmur,
592 3854 657 3918 imo
670 3855 766 3918 etiam
776 3855 841 3949 ipsi
853 3861 1003 3934 putamus
1016 3874 1154 3938 quorum
1166 3876 1279 3925 revera
1288 3864 1383 3942 plane

264 3972 363 4036 rudes
382 3987 507 4035 sumus.
533 3970 615 4034 Sunt
636 3972 692 4052 qui
714 3972 869 4052 physicen
889 3973 973 4035 scire
999 3990 1037 4037 so
1060 3975 1270 4057 arbitrentur,
1296 3981 1383 4058 quod

265 4089 389 4169 aliquos
404 4087 569 4152 derorum
584 4094 700 4151 natura
722 4087 822 4152 libros
839 4090 1057 4170 perlegerunt,
1073 4090 1115 4154 ad
1132 4094 1268 4168 verbum
1285 4097 1385 4159 edidi·

265 4297 411 4359 beaucoup
426 4293 549 4346 d'autres
566 4293 645 4345 ideas
662 4294 711 4360 qui
727 4292 853 4346 naissent
869 4294 920 4346 des
935 4295 1065 4360 passions
1083 4295 1153 4348 dont
1167 4299 1246 4350 notre
1263 4300 1327 4354 ame
1341 4306 1387 4357 est

264 4368 356 4434 agitee
368 4381 404 4417 en
419 4378 485 4416 sens
501 4365 604 4416 divers.

296 4439 319 4490 1.
331 4437 362 4492 V.
372 4438 406 4490 Dr
418 4436 455 4490 Le
466 4438 535 4502 Bon,
544 4435 584 4489 De
596 4436 885 4491 t'e'rudedoccrocttro
894 4423 1216 4508 (Reoucpltilosoplripcc
1227 4459 1291 4500 nov.
1303 4445 1385 4512 1877).
