3544 5468
401 665 443 727 24
836 683 884 734 DE
905 679 1088 734 Pnnronls

404 801 524 866 Omnes
546 800 631 864 enim
650 800 691 862 ad
708 816 747 864 ea
767 807 881 880 sponte
904 798 1047 876 ferimur,
1061 816 1100 861 ea
1114 799 1350 880 persequimur,
1370 817 1409 864 ea
1428 802 1518 864 volu-

405 933 478 979 mus
501 934 574 997 quae
596 916 681 980 hona
702 932 774 980 esse
797 915 958 980 credimus
980 932 988 978 ε
1010 913 1109 996 τὸμὲν
1133 914 1272 998 βούλεσθαι
1296 915 1422 998 (τάγαθὰ)
1445 927 1521 980 πᾶσιν

405 1034 529 1118 ὑπάρχει,
549 1032 594 1096 καί
613 1032 695 1117 ταύτῃ
714 1058 745 1115 γε
763 1031 835 1095 οὐδὲν
856 1039 870 1094 ὁ
891 1032 978 1116 ἕτερος
999 1039 1045 1094 τοῦ
1066 1031 1154 1117 ἑτέρου
1174 1033 1285 1115 βελτίων
1306 1034 1329 1098 ¹.
1351 1035 1522 1115 Nunquam

406 1157 513 1214 autem
539 1169 578 1214 ee
602 1152 749 1232 cupimus
772 1156 827 1213 aut
850 1151 1015 1228 volumus,
1037 1166 1112 1230 quae
1135 1151 1220 1212 mela
1240 1166 1313 1213 csse
1337 1151 1521 1218 credimus:

408 1269 455 1328 οὐκ
468 1265 518 1352 ἄρα
536 1268 657 1349 βούλεται
672 1265 703 1328 τὰ
718 1265 788 1328 κακὰ
803 1266 885 1335 οὐδείς
900 1265 923 1328 ².
938 1265 1106 1329 Neminem
1121 1266 1263 1344 reperias
1277 1265 1332 1346 qui
1346 1283 1386 1331 ex
1400 1268 1524 1332 duabus

408 1383 506 1446 rebus
527 1383 692 1446 meliorem
716 1400 782 1446 non
801 1381 972 1462 anteierat,
996 1381 1090 1461 quive
1111 1399 1151 1445 ex
1171 1381 1297 1446 duobus
1317 1384 1409 1447 maiis
1423 1385 1525 1464 maius

409 1501 504 1580 eligat
518 1501 529 1535 ⁸
546 1518 554 1562 ἰ
572 1500 616 1562 ἐπί
629 1498 662 1561 τδι
677 1498 747 1561 κακά
762 1499 844 1568 οὐδεὶς
859 1497 926 1560 ἑκὼν
944 1499 1059 1583 ἔρχεται,
1076 1497 1134 1560 οὐδὲ
1147 1499 1191 1561 ἐπὶ
1205 1500 1222 1560 ά
1236 1499 1319 1563 ὄιεται
1332 1501 1402 1564 κακὰ
1417 1493 1525 1568 εἶναι...

409 1618 472 1680 ὅταν
485 1642 514 1680 τε
529 1617 682 1700 ἀναγκασθῇ
695 1619 768 1678 δυοῖν
786 1622 881 1678 κακοῖν
894 1616 925 1678 τ“ο
944 1615 1030 1700 ἕτερον
1048 1620 1189 1700 αἱρεῖσθαι,
1205 1619 1289 1686 utute
1303 1617 1333 1680 τὸ
1346 1624 1436 1700 μεῖζον
1451 1623 1527 1704 αἱρή-

410 1760 496 1814 σεται,
522 1733 579 1806 ἔξον
600 1733 632 1794 τὸ
654 1732 773 1794 ἔλαττον.
788 1733 955 1796 Neminem
978 1734 1117 1814 denique
1140 1735 1302 1798 volentem
1326 1736 1410 1800 mele
1432 1755 1527 1818 agere

414 1851 516 1934 (οὐδένα
530 1849 623 1912 ἑκόντα
637 1849 718 1913 κακὸν
732 1840 809 1931 εἶναι)
824 1855 856 1912 et
872 1850 905 1910 in
924 1850 1033 1912 multis
1053 1850 1142 1913 libris
1160 1851 1254 1915 docet
1267 1852 1427 1933 Socrates,
1443 1872 1527 1934 prae-

412 1971 571 2050 cipueque
585 1969 616 2030 iu
632 1968 756 2048 Hippia
771 1967 896 2030 Minore
915 1967 998 2031 sicut
1011 1966 1191 2031 luculenter
1204 1968 1241 2031 Α.
1267 1969 1408 2034 Fouillee
1429 1971 1527 2036 inter-

413 2091 559 2170 pretetus
573 2092 623 2149 est
638 2083 659 2146 ⁸.
676 2085 755 2159 Quae
770 2085 929 2147 sententie
942 2084 975 2146 in
989 2083 1170 2163 Protaporo
1184 2085 1280 2150 etiam
1294 2089 1492 2168 expromitur
1505 2091 1529 2154 ⁶.

417 2204 688 2284 Quotiescumque
702 2202 796 2265 nobis
813 2201 897 2264 inest
914 2201 1058 2276 scientia,
1074 2201 1158 2265 bene
1176 2203 1299 2282 agimus
1315 2221 1321 2265 :
1338 2210 1422 2265 ταῦτα
1435 2207 1532 2284 ἀγαθὸς

417 2321 526 2388 ἕκαστος
541 2323 629 2400 ἡμῶν,
644 2317 711 2401 άπερ
726 2315 814 2400 σορός·
831 2317 849 2376 δ
867 2315 896 2378 δὲ
916 2315 1031 2398 ἀμαθὴς,
1046 2323 1131 2378 ταῦτα
1150 2316 1178 2379 δὲ
1198 2316 1277 2388 κακός
1299 2318 1319 2381 ⁶.
1341 2319 1534 2401 Neuiiquam

416 2440 512 2518 igitur
525 2455 565 2500 ex
586 2435 716 2499 arbitrio
730 2441 840 2499 nostro
855 2435 974 2515 pendet
989 2441 1097 2498 utrum
1111 2442 1199 2498 recte
1214 2453 1255 2498 an
1270 2453 1367 2516 preve
1380 2437 1533 2501 faciamus

415 2557 476 2637 (οὐκ
489 2554 538 2639 ἐρ’
550 2558 616 2634 ἡμῖν
630 2551 698 2636 ᾤετο
712 2542 782 2614 εἶναι
799 2551 831 2614 τδ
844 2550 999 2619 σπουδαίους
1020 2542 1087 2613 εἶναι
1101 2550 1119 2625 ἢ
1132 2550 1246 2636 φαύλους
1262 2551 1298 2633 ⁷).
1315 2553 1377 2616 Ubi
1398 2554 1433 2616 in
1457 2572 1532 2619 nos-

416 2681 499 2735 tram
518 2675 708 2750 potestatem
726 2669 815 2733 venit
828 2668 915 2749 quod
936 2669 1051 2732 melius
1069 2674 1131 2746 est,
1147 2670 1257 2749 pejora
1275 2687 1370 2750 egere
1386 2672 1453 2750 jem
1473 2689 1532 2735 ne-

416 2792 557 2874 quimus.
571 2789 663 2853 Unde
677 2789 714 2851 fir
728 2794 764 2850 ut
775 2788 860 2850 benc
874 2803 1008 2866 agemus
1022 2803 1123 2866 quum
1146 2787 1220 2867 quid
1239 2788 1360 2851 honum
1380 2791 1422 2851 sit
1439 2790 1534 2852 intel·

415 2909 562 2988 ligamus,
587 2920 694 2984 neque
717 2918 860 2982 unquam
888 2902 948 2963 nisi
975 2901 1153 2981 ignorantia
1180 2919 1382 2981 peccemus:
1408 2905 1462 2967 Καὶ
1484 2906 1534 2988 γὰρ

416 3028 493 3104 ὑμεῖς
517 3016 711 3102 ὡμολογήκατ’
734 3017 882 3097 ἐπιστήμης
903 3017 986 3101 ἐνδείᾳ
1008 3016 1196 3100 ἐξαμαρτάνειν
1218 3017 1277 3101 περὶ
1298 3017 1345 3092 τλν
1368 3022 1420 3080 τῶν
1437 3023 1536 3094 ἡδονῶν

416 3140 517 3225 αἵρεσιν
530 3138 576 3199 καὶ
591 3138 680 3198 λυπῶν
698 3133 758 3204 τοὺς
776 3133 1015 3218 ἐξαμαρτάνοντας·
1035 3140 1119 3195 ταῦτα
1138 3133 1233 3196 δ’ἐστὶν
1252 3133 1338 3216 ἀγαθά
1359 3135 1405 3197 καὶ
1422 3139 1491 3200 κακά
1511 3136 1535 3200 ⁸.

450 3295 472 3342 1,
488 3289 573 3350 Plato,
588 3286 676 3348 Meno,
693 3284 725 3336 78
741 3285 765 3334 b.

448 3363 473 3412 2.
488 3362 574 3422 Plato,
590 3358 678 3420 Meno,
693 3355 725 3408 78
739 3371 764 3406 ο.

448 3433 473 3484 3.
487 3433 574 3493 Plato,
589 3430 711 3494 Protop„
727 3427 775 3480 358
789 3441 815 3476 ο.

450 3509 474 3559 t.
488 3507 517 3558 V.
534 3507 563 3556 A.
577 3503 707 3564 Fouiiiee,
725 3500 851 3552 Platonis
867 3500 985 3565 Hippios
999 3500 1099 3550 Minor.
1112 3527 1141 3539 -
1156 3499 1195 3552 Gi.
1207 3500 1309 3552 Incerti
1319 3504 1443 3555 auctoris
1458 3504 1538 3556 Clito-

417 3581 490 3645 pho.,
504 3576 550 3626 167
566 3577 592 3636 d,
607 3588 629 3622 e.
647 3573 686 3622 Do
697 3572 773 3637 justo
789 3571 921 3635 dictoque,
935 3569 983 3620 374
999 3585 1025 3630 u,
1040 3569 1087 3622 375
1103 3571 1117 3620 6
1133 3584 1174 3636 sq.
1189 3571 1287 3630 ἄκοντες
1302 3571 1351 3641 άρα
1367 3568 1480 3626 &trucum
1496 3577 1538 3626 καὶ

421 3651 502 3704 ἄδικοί
517 3645 564 3699 ἐισι
579 3647 621 3697 καλ
637 3646 795 3712 πονηροί-
765 3643 895 3704 P—lato‚
910 3641 984 3706 Lep„
997 3641 1028 3703 V,
1042 3641 1089 3693 731
1109 3658 1130 3692 c
1148 3643 1203 3701 Πᾶς
1218 3645 1231 3694 ὁ
1246 3642 1329 3701 άδικος
1347 3641 1393 3696 οὖν
1410 3647 1472 3697 ἑκων
1486 3646 1537 3698 άδι·

420 3745 472 3783 uoq.
486 3721 576 3784 (ἔονρ,
588 3717 669 3770 mue
686 3717 769 3779 Hipp.
783 3716 860 3780 τοτυμ,
861 3716 957 3806 7969.

451 3795 475 3845 5.
489 3793 573 3852 Pluto,
586 3790 708 3852 Protogr„
722 3787 807 3849 3456,
819 3802 841 3838 e
859 3807 908 3853 εγω
920 3806 968 3855 γαρ
981 3787 1070 3852 σχεδον
1081 3807 1104 3838 τι
1118 3785 1186 3852 οἶμαι
1198 3787 1305 3850 τοῦτο
1293 3808 1329 3840 οτι
1344 3784 1421 3848 ουοελς
1432 3797 1480 3841 τῶν
1494 3809 1539 3841 σο-

420 3875 471 3935 ρῶν
491 3859 584 3931 ἀνδρῶν
600 3855 696 3927 ηγεῖται
716 3855 802 3912 οὐδένα
819 3854 979 3952 ἀνθρώπων
972 3859 1058 3910 ἑκόντα
1075 3854 1255 3945 ἐξαμαρτάνειν,
1274 3855 1330 3910 οὐδ’
1335 3855 1439 3948 αἰσχρά
1455 3881 1482 3912 τε
1497 3861 1539 3911 καλ

420 3957 487 3990 κακα
473 3932 579 3988 ἒκόντ’
589 3929 740 4000 ἐργάζεσθαι,
753 3926 811 3982 ἀλλ’
824 3929 851 3983 εὖ
863 3931 954 3992 ίσασιν,
967 3929 1003 3981 ὅτι
1015 3930 1102 3988 πάντες
1116 3929 1177 3981 οἱ
1153 3950 1184 3982 τα
1199 3925 1292 3998 αἰσχρὰ
1303 3950 1345 3982 και
1359 3933 1426 3984 κακὰ
1439 3941 1540 3985 ποιοῦν-

420 4029 457 4068 τες
475 4008 574 4063 ἄκοντες
587 4012 696 4055 ποῐουσο.
824 4043 826 4049 .

450 4070 876 4137 6.t>1at0,Lacnes.,1utd.ct.
898 4069 1253 4136 Εαίίνμυί,786ο.Αἱοῐ6.,
1272 4071 1292 4131 1,
1310 4071 1355 4122 175
1371 4086 1397 4122 α.
1413 4070 1539 4126 Οὖκοῦνὸ

421 4153 525 4208 εκαστος
538 4149 662 4216 φρόνιμος
676 4153 749 4197 τουτο
762 4139 907 4209 αγα66ς
879 4145 1012 4195 -ναί-
1027 4143 1113 4196 oot’‘
1097 4162 1180 4210 αρρων
1194 4144 1312 4210 πονηρός
1328 4151 1423 4203 πῶς
1435 4164 1482 4212 γαρ
1495 4147 1538 4207 ο6

421 4215 903 4288 -xenopn.‚Me·m.,1V,v1,6,7.

452 4294 477 4344 7.
493 4292 586 4352 Arist,
603 4289 696 4350 Maon.
710 4287 789 4347 Mon,
805 4286 825 4348 Ι,
841 4297 880 4348 tx,
885 4278 999 4349 1,187α
1013 4285 1037 4336 5.

452 4365 476 4414 8.
496 4363 622 4425 Protop„
646 4357 799 4410 estot-
816 4349 857 4407 ct.
879 4357 958 4418 Xen,
977 4357 1069 4418 Mem„
1088 4355 1135 4418 ΙΙΙ,
1152 4368 1192 4418 tx,
1209 4355 1232 4405 Ι.
1251 4356 1396 4423 Νομίζω
1368 4376 1411 4409 ουν
1429 4377 1485 4416 τους
1506 4353 1539 4423 μὴ

423 4432 500 4507 ὄρθιος
513 4433 733 4503 πραττδνταςουτε
746 4449 836 4497 σορους
851 4431 1045 4498 ουτεσωρρονας
1063 4427 1131 4482 εἶναι.
1147 4427 1342 4491 -61,Αίττ’6.,
1359 4428 1381 4492 1,
1397 4429 1487 4482 tttd.
