3544 5468
699 732 924 786 Pttouationn
1330 727 1367 788 41

255 856 348 920 enim.
359 854 440 918 recti
457 853 671 934 cognitionem
694 853 853 933 possidet,
875 858 929 918 r'es
949 860 1039 919 certo
1058 856 1180 934 judicio
1200 859 1367 938 ponderat,

254 990 310 1036 eas
330 987 408 1036 vera
429 970 640 1035 aestimatbne
663 971 844 1051 perpendit,
866 971 978 1052 quanti
1000 988 1139 1053 queque
1161 973 1306 1039 facienda
1329 978 1371 1041 sit

251 1089 428 1170 cognoscit,
447 1087 526 1168 quid
544 1088 720 1168 inquaque
737 1087 814 1152 boni
832 1089 948 1151 malive
967 1089 1044 1151 insit
1062 1089 1195 1167 invenit,
1216 1094 1328 1173 pejora
1352 1112 1372 1158 a

254 1205 440 1270 melioribus
461 1205 625 1285 dijudicat.
647 1204 926 1279 Quemadmodum
949 1205 1066 1284 igitur,
1092 1213 1127 1269 ut
1149 1214 1225 1272 ante
1248 1208 1371 1274 dictum

254 1330 316 1403 est,
328 1339 458 1388 omnem
470 1322 654 1403 cupidinem
668 1322 825 1402 judicium
843 1323 1051 1403 consequitur
1070 1341 1136 1403 quo
1153 1326 1276 1389 bonum
1298 1344 1372 1392 csse

252 1440 341 1521 quod
358 1440 539 1520 appetimus
552 1439 814 1520 pronunciamus,
831 1455 874 1502 ea
886 1456 964 1504 uero
983 1440 1116 1504 meliora
1131 1442 1315 1522 judicamus
1330 1445 1372 1508 ad

253 1576 328 1639 quae
350 1557 526 1620 valentiore
547 1556 670 1635 impetn
692 1557 834 1634 terimur,
856 1556 904 1620 sic
924 1573 965 1619 ex
987 1557 1076 1621 omni
1092 1558 1212 1638 judicio
1235 1561 1371 1626 affectus

252 1674 387 1749 exsistit,
403 1690 510 1754 neque
524 1673 589 1736 ullo
604 1673 700 1737 modo
721 1690 760 1737 ea
781 1689 900 1737 amare.
914 1691 1088 1752 possumus
1103 1691 1177 1756 quae
1195 1677 1280 1741 mala
1298 1695 1372 1743 esse

251 1791 493 1871 cognovimus,
520 1787 641 1852 nedum
673 1789 796 1852 ratione
828 1790 988 1870 potentior
1004 1807 1096 1853 esse
1122 1791 1220 1855 libido
1246 1794 1366 1857 valeat.

258 1910 391 1984 Quando
407 1908 493 1971 enim
513 1923 553 1970 ex
566 1907 753 1987 imperfecta
770 1914 815 1986 et,
837 1915 873 1972 ut
896 1908 940 1972 ait
959 1909 1098 1989 Spinoza
1112 1909 1137 1987 ¹,
1160 1910 1372 1992 inaquuctc

251 2043 365 2090 rerum
386 2025 568 2105 cognitione
589 2041 702 2088 omnes
718 2025 866 2088 libidines
884 2033 1073 2104 nascuntur,
1095 2026 1152 2090 ubi
1165 2029 1260 2107 plena
1274 2036 1372 2110 atque

254 2142 402 2206 absoluta
416 2141 684 2204 veritatisnotitia
693 2140 841 2219 fruimur,
850 2142 960 2205 nullus
968 2144 1039 2221 J'am
1048 2143 1261 2224 inadequaetis
1279 2144 1370 2226 ideis,

254 2260 362 2323 nullus
376 2259 560 2322 libidinibus
573 2267 623 2322 est
638 2258 741 2322 locus.

292 2383 418 2463 Nempe
432 2401 496 2446 una
514 2389 612 2462 atque
625 2383 738 2445 eadem
756 2389 817 2460 est,
832 2388 869 2444 ut
887 2397 1113 2464 saepenumero
1137 2383 1251 2446 asserit
1269 2383 1370 2464 Plato,

249 2501 397 2563 duorum·
412 2501 645 2563 contrariorum
666 2499 818 2575 scientia3
834 2500 889 2578 qui
907 2499 1003 2578 igitur
1020 2499 1098 2561 boni
1121 2499 1288 2562 scientiam
1312 2501 1371 2564 ha-

252 2616 342 2697 bent,
352 2616 449 2680 iidem
462 2634 538 2695 quae
552 2616 636 2679 mala
651 2617 713 2678 sint
727 2615 912 2696 pervident3
923 2615 1052 2695 qnando
1066 2616 1160 2695 igitur
1174 2617 1282 2680 nullus
1296 2618 1373 2681 mali

252 2751 343 2797 amor
357 2751 430 2796 esse
443 2740 559 2813 potest,
574 2734 663 2797 nulla
674 2750 774 2813 prava
790 2733 965 2812 cupiditate
987 2733 1215 2796 incenduntur.
1231 2732 1371 2798 Mentem

256 2856 400 2913 nostram
412 2850 551 2913 alienare
565 2851 696 2930 quidem
718 2859 751 2914 et
764 2851 933 2914 obcaecare
946 2849 1044 2913 libido
1063 2851 1160 2927 valet,
1175 2851 1220 2912 ita
1237 2857 1274 2913 ut
1293 2851 1372 2915 falsa

151 2955 155 2964 ’
249 2970 292 3032 de
307 2969 504 3033 aestimandis
518 2968 616 3031 rebus
639 2968 882 3048 actionibusque
903 2968 1023 3049 judicia
1042 2967 1194 3045 ieramus,
1209 2969 1298 3032 nullo
1312 2987 1371 3032 au-

252 3093 318 3150 tem
333 3086 429 3149 modo
443 3103 505 3148 nos
517 3085 558 3148 ad
571 3086 655 3148 male
669 3086 832 3164 ¹agendum
851 3101 967 3164 rapere
981 3092 1100 3164 potest,
1121 3085 1264 3164 quandiu
1282 3094 1370 3148 recte
1388 3059 1394 3071 ’

248 3203 442 3282 judicamus
456 3203 530 3264 Non
545 3220 621 3280 ergo
636 3219 675 3264 oa
688 3211 738 3264 est
752 3202 829 3263 boni
841 3203 974 3264 scientia
989 3220 1064 3281 quac
1078 3217 1154 3263 cum
1169 3202 1283 3264 studiis
1297 3221 1369 3265 noe

251 3322 309 3382 tris
322 3327 487 3383 certamen
504 3322 659 3393 instituat,
676 3320 737 3380 bac
755 3320 826 3395 lege
848 3329 884 3381 ut
904 3320 977 3396 ipsa
1001 3318 1085 3379 vinci
1106 3319 1218 3397 possit,
1241 3319 1300 3380 sed
1318 3319 1371 3381 cui

251 3436 359 3498 nullus
374 3454 516 3516 unquam
535 3436 737 3498 adversarius
755 3436 886 3497 obstet:
909 3451 986 3496 nam
1009 3451 1051 3496 ne
1069 3442 1221 3496 nascatur
1239 3435 1369 3513 quidem

134 3537 137 3542 ¹
250 3552 408 3630 cupiditas
423 3553 579 3634 praepedit
591 3570 631 3613 ac
645 3552 794 3629 prohibet
808 3549 832 3611 ².
850 3551 943 3624 Quod
965 3551 993 3611 si
1013 3551 1161 3628 quiante
1184 3549 1321 3614 affectus
1335 3553 1369 3614 in

250 3663 344 3728 nobis
372 3664 438 3726 nati
464 3673 540 3726 sunt
573 3671 670 3740 atque
701 3663 874 3743 imperium
901 3670 1142 3743 occupaverunt
1168 3680 1265 3742 quam
1293 3664 1369 3727 boni

250 3781 417 3843 scientiam
439 3781 701 3859 adipisceremur,
731 3796 833 3859 quum
860 3796 899 3842 ca
931 3777 1026 3841 nobis
1052 3795 1196 3842 errorem
1221 3787 1369 3843 nostrum

205 3971 208 3978 ¹
250 3899 375 3978 eripiat,
391 3896 600 3976 quantulique
623 3897 777 3959 momenti
795 3897 836 3959 sit
856 3895 943 3976 quod
961 3895 1167 3958 dilexerimus
1187 3896 1366 3976 patefaciat,

251 4031 318 4076 non
331 4013 427 4075 modo
441 4029 484 4076 ne
497 4012 634 4092 amplius
652 4013 1077 4092 crescantinvalescantque
1096 4013 1221 4078 obsistit
1238 4012 1298 4076 sed
1311 4029 1368 4076 eos

249 4130 392 4192 funditus
406 4130 576 4208 supprimit
589 4136 685 4208 atque
700 4129 836 4192 emedio
851 4130 941 4192 tollit.

280 4325 305 4375 l.
319 4323 446 4408 Spinoza,
460 4324 560 4386 Ethic,
573 4339 638 4390 pars
651 4325 698 4387 111,
713 4339 791 4390 prop.
801 4324 827 4376 ³.
839 4324 878 4380 Ci.
893 4325 973 4388 Diett,
987 4323 1120 4378 t'ttomme
1133 4328 1160 4375 et
1173 4321 1367 4388 tuBc'ctt'tude,

249 4395 452 4532 t'2paffinffi:
468 4408 555 4522 fferre.
572 4468 676 4532 Erucio,
687 4483 715 4533 p.
732 4467 787 4522 1⁴0.
809 4443 814 4448 ⁵
