3544 5468
737 1488 878 1563 INDEX

245 1843 410 1898 Pnooenrnn
416 1882 1283 1903 ........................................................

246 1943 345 1996 CAPUT
359 1947 383 1996 I.
401 1975 432 1982 —
445 1948 485 1997 De
500 1948 566 1998 boni
581 1947 680 1999 natura
681 1982 1284 2002 .......................................

278 2017 298 2065 l.
315 2045 345 2054 —
364 2019 463 2069 Errant
481 2022 529 2084 qni
551 2026 650 2085 putant
670 2034 704 2071 ea
724 2022 837 2072 demum
856 2022 930 2072 bona
950 2021 1093 2074 Socratem
1106 2023 1287 2087 judicavisse,

308 2103 373 2152 quae
388 2091 469 2141 utilia
482 2097 577 2142 essent
587 2127 1285 2148 .............................................
1350 2089 1368 2139 9

277 2161 312 2212 11.
327 2189 357 2196 -
371 2162 478 2212 Bonum
491 2168 536 2213 est
551 2164 627 2228 qnod
642 2177 677 2214 ex
691 2171 789 2214 natura
805 2178 839 2215 ao
855 2165 1014 2217 conditione
1030 2171 1127 2217 nostra
1143 2165 1290 2217 dialectice
1335 2233 1368 2285 13

309 2235 447 2298 seqnitur.
462 2271 1287 2289 .....................................................

247 2330 346 2383 CAPUT
359 2333 394 2384 11.
412 2361 442 2370 -
456 2336 495 2386 De
511 2335 624 2386 virtutis
637 2340 749 2388 natura.
761 2327 775 2383 .’
777 2369 1288 2388 .................................
1338 2331 1369 2382 18

277 2401 299 2451 l.
314 2431 344 2438 -
358 2403 413 2454 Gur
426 2419 511 2456 unam
526 2407 639 2457 omnino
650 2406 783 2457 virtutem
798 2419 864 2456 esse
879 2406 1009 2458 Socrates
1024 2407 1149 2458 docuerit
1153 2442 1254 2458 .......
1261 2401 1286 2456 ’..
1335 2404 1369 2452 18

278 2472 312 2522 ll.
327 2501 358 2508 —
371 2474 447 2525 Nihil
461 2477 537 2526 alind
550 2489 616 2527 esse
627 2477 759 2527 virtutem
775 2476 831 2526 nisi
846 2477 995 2527 seientiam
998 2510 1288 2528 ...................
1338 2473 1370 2524 22

247 2568 344 2620 Caeni·
358 2571 405 2621 Ill.
419 2600 450 2608 -
465 2571 536 2631 Quid
550 2572 688 2624 adversus
703 2573 825 2624 Socratis
841 2573 1000 2637 opinionem
1014 2573 1098 2638 objici
1114 2574 1202 2624 soleat
1203 2607 1286 2624 ......
1337 2569 1369 2620 27

278 2639 299 2688 Ι.
314 2667 344 2675 -
358 2641 429 2691 Num
441 2655 474 2692 ea
485 2656 608 2705 unquam
619 2642 746 2693 volentes
759 2642 902 2703 laniamus,
914 2657 978 2706 quae
990 2643 1064 2694 mala
1077 2656 1143 2694 esse
1155 2643 1289 2694 sciamus.
1337 2639 1370 2689 98

279 2711 312 2760 ll.
331 2739 361 2748 -
377 2713 451 2763 Num
465 2715 600 2765 adversus
616 2715 719 2765 mentis
733 2721 838 2765 nostrae
850 2714 956 2777 jndieia
972 2714 1059 2765 animi
1074 2728 1178 2766 sensus
1192 2716 1291 2766 decer-

189 2787 193 2795 ‘
309 2788 369 2834 tare
384 2786 493 2846 possint
497 2821 1289 2838 ...................................................
1339 2783 1372 2835 34

279 2854 326 2904 111.
342 2883 373 2892 -
385 2855 458 2906 Num
474 2857 547 2907 mala
562 2858 676 2918 invitus
691 2858 817 2921 rapiente
830 2857 954 2919 libidine,
970 2857 1062 2908 iacere
1075 2861 1167 2921 queat,
1184 2857 1232 2920 qui
1245 2857 1293 2907 bo-

311 2940 378 2976 nnm
393 2930 554 2990 cognoverit
557 2963 1290 2980 ...............................................
1340 2926 1371 2978 3]

280 2996 325 3046 iv.
347 3026 378 3036 »-
393 2998 460 3048 Eam
478 2999 614 3049 voluntati
631 3003 737 3050 nostrae
755 3004 883 3050 naturam
903 3000 999 3050 inesse
1018 3004 1051 3049 ut
1068 3001 1104 3049 ad
1119 2999 1193 3049 bona
1211 2999 1294 3063 perfi-

246 3091 252 3104 ·
311 3068 410 3119 cienda
426 3074 526 3132 sponte
541 3070 654 3131 ieratnr,
669 3070 718 3120 nbi
735 3084 767 3121 se
782 3071 810 3120 in
826 3071 985 3121 libertatern
998 3071 1141 3122 vindicare
1156 3070 1289 3135 potnerit.
1339 3069 1371 3120 tt

249 3166 348 3218 Ceron
362 3168 406 3218 lv.
422 3196 452 3203 -
468 3169 508 3219 De
523 3168 590 3219 honi
607 3169 725 3219 seientia
730 3205 1291 3222 ....................................
1340 3170 1372 3220 ll

280 3238 303 3288 l.
318 3267 348 3274 -
365 3239 516 3290 Scientiam
530 3241 660 3292 Socrates
674 3242 744 3291 nihil
757 3241 833 3291 aliud
844 3247 927 3292 vocat
942 3242 997 3292 nisi
1010 3243 1080 3294 renti
1093 3241 1293 3306 exercitatique

311 3311 413 3374 ingenii
429 3325 548 3363 acumen
553 3346 1290 3365 ................................................
1340 3311 1373 3362 45

282 3381 317 3432 11.
333 3409 362 3418 -
379 3383 458 3433 Unde
472 3383 522 3433 fiat
537 3389 568 3434 ut
584 3384 652 3434 nulli
667 3384 732 3434 talis
746 3384 873 3434 scientiae
886 3385 1012 3447 magistri
1026 3385 1164 3436 exsistant
1174 3418 1290 3436 ........
1339 3381 1372 3432 to

282 3451 329 3502 111.
346 3454 474 3505 -Falsa
491 3468 543 3505 nos
562 3455 597 3505 de
616 3456 689 3506 bono
705 3455 836 3518 maloque
855 3454 962 3519 judicia
982 3469 1124 3521 nunqnam
1143 3455 1225 3518 ferre,
1246 3455 1295 3505 nbi

313 3537 376 3574 eam
392 3525 538 3576 scientiam
554 3527 648 3594 adepti
662 3527 753 3577 simus
765 3560 1291 3579 ..................................
1341 3525 1373 3574 5l

252 3619 350 3672 mur
366 3622 396 3672 v.
412 3651 441 3660 -
458 3605 572 3683 Quinti
589 3623 713 3677 socratis
729 3625 856 3676 noctnna
871 3623 1086 3676 desiderandum
1100 3625 1239 3676 videatur.
1341 3621 1373 3673 54

518 4428 676 4474 Columbariis.
692 4455 719 4467 -
734 4436 767 4475 Ex
784 4436 841 4490 typis
857 4439 925 4479 l’anu
941 4436 1090 4480 BRODARD.
