3544 5468
721 663 945 716 sacratione
1352 653 1391 714 rt

272 800 409 864 mmque
437 783 615 864 deligamus
642 801 716 864 qnae
742 791 854 848 nostra
883 783 1023 848 maxime
1045 785 1240 849 intormem
1258 787 1310 849 sit.
1336 788 1393 850 Est

273 901 423 981 quaedem
435 901 578 967 omnium
592 901 802 964 scientiarum
819 901 930 981 regina
948 918 1023 982 qum
1037 917 1099 964 nos
1111 902 1224 966 beatos
1238 910 1393 984 praestare

272 1021 342 1082 sola
359 1024 482 1098 potest,
497 1018 578 1082 um}
593 1035 655 1084 nos
674 1019 808 1086 idoncos
824 1017 900 1082 tacit
917 1019 959 1081 ad
976 1025 1066 1082 recte
1080 1019 1121 1083 de
1134 1020 1269 1084 utilitate
1282 1027 1393 1084 nostra

269 1134 489 1215 iudicandum.
504 1134 566 1196 Hic
579 1134 712 1199 denum
729 1133 840 1198 mnus
850 1134 910 1214 vir,
925 1135 982 1214 qui
995 1135 1169 1214 voluptatis
1183 1137 1392 1218 utilitatisque

271 1251 472 1314 adeobontm
484 1250 692 1314 ratioc'ffltor
704 1257 971 1330 compotemque
993 1252 1116 1316 exsistit
1138 1259 1296 1333 utquam
1317 1257 1391 1334 plu·

272 1365 352 1426 rima
366 1365 427 1426 sibi
440 1365 527 1430 bona
540 1364 681 1444 arrmiat,
697 1365 949 1444 quamplurium
965 1366 1050 1429 mala
1066 1366 1216 1429 dacbnet.
1234 1391 1251 1423 »
1264 1369 1330 1431 Res
1337 1370 1392 1449 igi·

271 1488 324 1544 tur
338 1498 378 1544 ex
393 1480 527 1544 utilitate
541 1483 679 1544 aestimat
699 1482 860 1558 Socrates,
875 1483 1045 1547 utilitatem
1066 1500 1106 1546 ex
1123 1483 1297 1564 voluptate.
1311 1486 1390 1549 Nul-

271 1599 341 1661 lum
353 1599 451 1662 abum
470 1599 533 1662 sibi
553 1599 652 1662 finem
669 1600 821 1678 proponit
841 1600 904 1664 nisi
923 1607 962 1662 at
983 1599 1134 1662 honines
1149 1601 1190 1662 ad
1208 1602 1392 1666 felicitatem

272 1715 410 1779 adducat
420 1715 443 1775 ¹.
459 1715 572 1795 Neque
587 1716 649 1779 dia
663 1723 826 1782 causaest
846 1734 905 1780 cur
917 1718 1068 1780 virtutem
1090 1718 1260 1780 colendam
1272 1720 1391 1797 praedi·

273 1838 326 1895 cet
338 1847 436 1912 quam
446 1833 534 1911 quod
546 1833 727 1898 rectissima
739 1840 773 1896 ot
785 1833 1010 1899 tutsstsaavia
1027 1849 1089 1897 nos
1106 1834 1148 1896 ad
1165 1852 1263 1914 puras
1275 1837 1390 1916 volup-

272 1955 355 2012 tates
368 1948 468 2025 ducit,
483 1949 562 2012 dum
581 1949 769 2028 gravissima
788 1950 884 2014 nobis
903 1951 989 2014 malo
1008 1949 1183 2032 acerbique
1203 1950 1332 2016 dolores
1352 1970 1391 2016 ea

271 2067 356 2130 vibis
369 2072 625 2146 consequuntur.

311 2182 412 2246 Multa
429 2182 544 2261 procul
566 2181 663 2246 dubio
686 2188 762 2246 suut
786 2199 824 2246 ex
849 2183 968 2263 quibus
989 2182 1079 2246 illam
1101 2182 1226 2247 Socrati
1249 2192 1392 2249 mentem

271 2302 371 2364 tuisse
392 2300 501 2362 minus
522 2299 635 2362 attenti
657 2298 795 2364 lectores
818 2299 976 2378 suspicari
995 2287 1169 2378 potuerint.
1187 2301 1285 2381 Saepe
1306 2304 1392 2364 enim

272 2426 411 2501 quantos
432 2418 555 2483 tructus
573 2433 613 2480 ex
636 2416 754 2480 virtute
772 2417 1026 2496 perciperemus,
1043 2424 1123 2497 quot
1142 2419 1228 2506 mala
1249 2435 1289 2483 ex
1308 2421 1392 2484 titiis

272 2538 433 2602 orirentur
467 2534 575 2614 longis
602 2533 807 2598 sermonibus
835 2533 1023 2612 expediebat
1045 2533 1070 2594 ².
1096 2534 1210 2598 Nonne
1236 2536 1279 2599 erl
1304 2538 1391 2600 illam

272 2652 377 2730 ipsam
387 2651 567 2714 doctrinam
581 2650 742 2730 pertinere
760 2649 911 2713 videntur
923 2649 997 2713 haec
1011 2651 1197 2729 gravissima
1210 2653 1392 2734 Protopora

273 2771 383 2849 verba,
410 2769 467 2836 ubl
487 2769 566 2830 nibil
586 2767 672 2832 aliud
697 2767 894 2846 designatur,
916 2769 1010 2846 cuius
1027 2769 1184 2832 rationem
1202 2771 1390 2850 habeamus,

273 2901 370 2964 quam
383 2884 476 2948 (imur
493 2901 532 2946 ac
554 2884 727 2962 voluptas:
749 2883 836 2946 «An
852 2900 931 2946 vero
952 2883 994 2946 ob
1016 2884 1103 2947 aliud
1124 2885 1196 2948 baec
1217 2885 1304 2949 bona
1316 2894 1392 2951 sunt

274 3017 372 3079 quam
385 3001 472 3080 quod
495 3000 531 3061 in
552 3000 733 3078 voluptates
757 2999 908 3064 desinunt
930 3006 963 3062 et
985 3000 1149 3066 molestias
1168 3003 1313 3082 pellunt?
1327 3004 1392 3066 Aut

271 3117 413 3181 abumne
430 3118 531 3180 tinem
546 3116 693 3180 invenire
709 3117 843 3196 potestis
855 3117 897 3180 ad
915 3134 1013 3198 quern
1031 3119 1240 3197 respicientes
1253 3137 1294 3182 ea
1306 3120 1391 3183 bona

271 3234 461 3302 vocatis‘l...
478 3235 513 3298 Si
526 3251 590 3314 quo
604 3233 702 3296 modo
714 3233 851 3312 potestis
860 3233 948 3297 aliud
965 3235 1043 3312 quid
1060 3236 1169 3300 dicere
1183 3253 1256 3299 esse
1268 3239 1390 3300 bonum

271 3368 371 3432 quam
381 3350 580 3430 voluptatem
595 3354 628 3412 et
640 3348 765 3414 malum
776 3365 875 3428 quam
887 3350 1066 3414 dolorem².
1084 3370 1100 3412 a

188 3535 192 3540 ,
246 3483 250 3491 ·
311 3467 429 3528 Parum
458 3465 604 3544 prolecto
630 3463 787 3526 interesse
814 3463 928 3528 credas
958 3464 1043 3526 inter
1074 3465 1176 3529 nostri
1209 3465 1391 3546 philosophi

273 3581 398 3665 μιτραὴν
410 3577 506 3662 τέχνην
519 3578 651 3642 atillam
665 3578 822 3642 moralem
842 3578 1076 3642 arithmeticam
1099 3580 1152 3641 cui
1173 3586 1297 3644 tantum
1320 3599 1390 3646 mo-

274 3698 377 3761 menti
389 3703 499 3760 nostra
516 3699 611 3758 aetate
625 3693 782 3756 Bentham
801 3693 944 3757 attribuit
955 3693 977 3754 ⁶.
993 3693 1080 3756 lntor
1093 3695 1165 3758 illos
1177 3695 1273 3776 igitur
1285 3713 1391 3760 annu-

273 3814 446 3881 merandus
467 3813 594 3877 ridetur
616 3811 767 3876 Socrates
785 3812 840 3890 qui
856 3817 967 3875 nostra
988 3813 1143 3876 memoria
1162 3813 1390 3878 atilitor'ioais·

302 4056 328 4104 1.
347 4052 444 4110 Zeller,
460 4065 486 4114 p.
502 4048 549 4098 134
562 4047 639 4112 (106).
657 4047 749 4098 mem
764 4047 959 4110 eigentlicbem
972 4048 1077 4100 wesen
1092 4051 1163 4106 nacla
1177 4051 1215 4104 ist
1230 4052 1278 4104 die
1291 4052 1392 4108 Sokra-

273 4123 364 4176 tische
379 4121 465 4172 lloral
476 4120 584 4172 treilicb
598 4119 692 4170 niobts
705 4119 828 4182 neumas
837 4120 879 4170 als
895 4120 1142 4173 eudimonistiscb.

305 4197 329 4246 tl.
346 4195 426 4253 lien,
443 4192 536 4252 item,
557 4190 604 4250 111,
624 4203 689 4249 vm.
708 4190 742 4250 5;
765 4190 943 4254 111,νι,8,9ἢ
960 4220 992 4232 -
1010 4193 1096 4254 Plato,
1116 4193 1215 4258 arcto„
1238 4195 1272 4257 11,
1296 4195 1343 4246 lt5
1361 4212 1392 4261 ⁶3

277 4268 367 4331 Gora,
378 4263 426 4314 tta
437 4264 464 4326 d,
478 4261 526 4312 475
539 4277 565 4324 a,
580 4261 628 4312 499
639 4278 668 4325 c,·
680 4261 757 4324 nep,
770 4261 814 4322 lll,
829 4261 877 4312 505
888 4278 914 4313 a.
924 4291 955 4301 -
968 4262 1071 4325 Cicero.
1086 4263 1127 4316 Da
1138 4264 1222 4329 ostie„
1235 4267 1282 4333 111,
1294 4279 1336 4330 m,
1352 4271 1390 4322 11.

304 4339 331 4390 3.
349 4338 472 4400 Protea,
488 4334 535 4385 ³54
548 4336 573 4396 b,
587 4334 635 4385 355
645 4349 672 4384 o.

304 4412 329 4466 1.
343 4411 374 4464 Ρ.
386 4407 476 4474 lauet,
492 4405 531 4456 Lo
545 4407 657 4472 morale,
673 4405 720 4458 liv.
737 4405 759 4471 Ι,
773 4405 818 4459 cb.
832 4418 852 4473 1,
864 4421 890 4473 p.
908 4406 965 4462 tal.
