3544 5468
409 692 429 752 2
842 704 891 754 ΒΕ
913 703 1095 756 PLA'I'ONIS

449 829 518 901 Quo
533 832 640 888 autem
660 824 755 886 modo
769 822 901 902 Hippiae
916 823 1052 886 Minoris
1076 831 1184 904 partes
1211 823 1353 904 suscepit
1374 841 1412 888 ao
1434 841 1527 906 pros-

409 962 486 1026 pere
505 948 627 1006 tutatus
651 946 700 1003 est
725 940 775 1002 vir
798 939 1055 1018 praestantissimi
1078 940 1207 1020 ingenii,
1231 941 1272 1002 Α.
1302 940 1455 1017 Fauillae,
1484 941 1529 1003 ita

386 1111 389 1117 .
409 1062 501 1125 nobis
516 1061 555 1122 de
570 1057 750 1136 Protagora
765 1055 872 1119 dicere
894 1058 927 1118 in
950 1059 1056 1119 animo
1077 1063 1240 1137 astatque
1259 1054 1430 1121 osmoere
1451 1057 1529 1137 quid

410 1197 449 1244 ex
463 1181 516 1240 illo
532 1177 655 1254 dialogo
670 1174 835 1236 addiscere
849 1173 1036 1236 debeamus.

450 1296 556 1370 Quum
569 1291 710 1354 Platonis
728 1291 871 1369 dialogos
885 1291 996 1353 ordine
1010 1291 1171 1354 instruere
1186 1297 1282 1371 atque
1297 1291 1330 1353 in
1343 1292 1527 1372 tetralogias

409 1411 569 1492 dispertiri
589 1425 759 1488 aggressus
780 1413 830 1470 est
849 1407 1036 1486 Thrasyllus
1060 1408 1181 1485 rhetor,
1206 1408 1335 1488 aliquod
1356 1409 1416 1471 sub
1436 1408 1528 1471 titulo

409 1527 662 1605 uniuscuiusque
677 1525 811 1588 verbum
823 1523 954 1602 addidit,
972 1541 1036 1602 quo
1050 1523 1123 1586 libri
1137 1524 1270 1587 materia
1285 1525 1438 1604 colorque
1451 1525 1529 1588 indi-

409 1649 554 1720 caretur;
572 1642 618 1704 sic
636 1643 846 1720 Protagoram
869 1640 1105 1703 accusatorium
1128 1646 1160 1703 et
1181 1640 1335 1703 adversus
1359 1642 1525 1719 sophistas

408 1761 564 1840 seriptum
578 1772 650 1821 esse
665 1757 780 1841 posuit.
797 1756 886 1818 lllius
905 1755 975 1835 ipsa
992 1757 1094 1818 uerba
1114 1762 1279 1818 mutuatus
1300 1764 1350 1818 est
1368 1756 1526 1836 Diogenes

409 1877 554 1941 Laertius
568 1875 593 1940 ⁴.
621 1875 703 1937 Istos
730 1878 879 1934 auctores
904 1878 1036 1934 secutus
1063 1870 1210 1933 Marsilus
1236 1871 1374 1945 Ficinus
1408 1875 1463 1951 qui
1491 1891 1530 1936 ex

409 1995 524 2058 Graeco
538 2007 688 2074 sermone
701 1989 734 2051 in
748 1989 896 2051 Latinum
905 1985 1047 2051 Platonis
1056 1989 1175 2067 scripta
1190 1989 1358 2062 convertit,
1368 1989 1465 2051 ΧΙΙΙΙο
1478 2006 1528 2053 or·

409 2111 483 2173 dine
508 2110 722 2186 Protagoram
746 2105 814 2167 sive
835 2102 1003 2184 Sophistas
1020 2104 1111 2185 (alias
1131 2110 1242 2166 contro
1263 2104 1442 2187 sophistas)
1459 2106 1527 2168 ins·

410 2226 549 2305 cripsit:
575 2225 609 2286 in
629 2232 817 2302 argumento
838 2227 946 2282 autem
970 2220 1050 2282 nihil
1072 2220 1157 2284 aliud
1181 2220 1347 2283 Platonem
1367 2221 1400 2283 in
1420 2229 1528 2284 mente

409 2341 561 2405 habuisse
575 2338 780 2414 asseveravit,
797 2336 858 2399 nisi
872 2343 907 2398 ut
925 2335 1092 2413 sophistas
1106 2336 1267 2401 illuderet.
1282 2337 1348 2399 lllis
1362 2355 1530 2402 assensere

411 2458 466 2538 qui
481 2462 575 2519 aetate
589 2461 698 2518 nostra
711 2452 891 2516 Platonicos
904 2451 1004 2514 libros
1018 2451 1050 2513 in
1066 2451 1219 2514 Gallicam
1233 2451 1374 2531 linguam
1383 2459 1528 2518 transtu·

410 2576 528 2651 lerunt,
544 2571 766 2636 Schwalboeus
786 2576 818 2632 et
831 2569 868 2630 V.
885 2569 1003 2632 Cousin
1028 2585 1035 2630 :
1061 2569 1157 2632 ambo
1185 2591 1200 2629 a
1224 2568 1421 2648 Sophistoaa
1438 2573 1530 2636 titulo

410 2692 600 2770 Protagorae
615 2687 894 2766 subscripserunt;
909 2685 973 2747 imo
991 2685 1025 2746 in
1038 2692 1227 2764 argumento
1243 2686 1390 2750 eamdem
1406 2688 1530 2766 opinio·

411 2824 486 2870 nem
498 2805 535 2866 V.
552 2805 670 2868 cousin
685 2802 826 2865 defendit
840 2816 935 2879 quam
950 2800 1080 2864 Fieinus
1094 2801 1310 2881 explicaverat
1318 2802 1343 2862 Ι.
1352 2804 1446 2884 Apud
1456 2804 1532 2869 Ger-

411 2936 525 2984 manos
538 2933 667 2998 quoque
678 2915 825 2992 Brendis,
841 2914 1080 2991 Stallbaumius,
1097 2915 1299 2978 Steinhartus
1321 2917 1354 2979 in
1373 2917 1436 2980 hoc
1449 2918 1531 2982 libro

413 3041 546 3101 censent
554 3052 620 3099 non
630 3033 770 3096 Socratis
781 3031 907 3111 expom,
920 3031 976 3093 sed
987 3031 1171 3111 Protagorae
1181 3031 1305 3096 irrideri
1315 3033 1498 3113 opinionem
1507 3037 1529 3098 ³.

445 3224 468 3270 Ι.
490 3219 567 3283 Diog.
584 3219 691 3280 Lucra,
708 3217 755 3280 111,
776 3215 808 3268 59
829 3216 889 3281 (35).
911 3215 1003 3268 Sextae
1020 3216 1173 3281 tetralogiae
1192 3218 1321 3284 princeps
1337 3223 1382 3270 est
1395 3218 1533 3284 Euthyde-

413 3305 486 3353 mus,
505 3293 563 3342 sive
582 3290 784 3350 contentiosus,
801 3289 940 3342 eversioni
960 3288 1117 3340 inserviens
1138 3286 1343 3360 (ἀνατρεπτικὸς),
1360 3295 1421 3341 tum
1437 3289 1532 3345 Prota·

414 3377 505 3428 goras,
523 3377 574 3414 seu
594 3362 741 3426 sophistae,
761 3359 953 3412 accusatorius
974 3356 1150 3424 (ἐνδεικτικὸς),
1168 3361 1283 3425 Gorgias
1305 3363 1363 3412 sive
1382 3361 1417 3413 de
1440 3361 1533 3412 rheto-

413 3435 480 3496 rica,
493 3434 541 3497 qui
558 3433 586 3483 in
603 3434 761 3493 evertendo,
779 3430 878 3480 Menon
895 3429 953 3480 sive
970 3429 1005 3480 de
1021 3431 1132 3491 virtute,
1147 3430 1196 3494 qui
1211 3431 1240 3481 in
1257 3431 1390 3482 tentando
1407 3437 1535 3483 versatur

414 3503 570 3567 (Ambrosio
583 3504 683 3566 interp.
697 3501 778 3552 Didot
793 3500 858 3564 ed).

445 3574 469 3624 2.
486 3575 508 3625 ll
522 3588 558 3625 ne
572 3574 629 3624 faut
642 3587 691 3638 pas
706 3572 813 3623 oublier
827 3572 940 3624 d'abord
954 3585 1008 3636 que
1021 3572 1048 3623 le
1059 3571 1225 3637 Protagoras
1240 3574 1396 3638 appartient
1409 3576 1426 3626 a
1439 3575 1465 3626 la
1474 3576 1534 3639 jeu·

412 3659 500 3698 nesse
516 3647 550 3697 de
563 3646 689 3705 l‘auteur,
705 3649 733 3694 et
747 3644 857 3695 errsuite
868 3658 931 3709 que,
944 3646 969 3695 si
982 3658 1033 3696 sou
1048 3645 1098 3696 but
1110 3651 1243 3710 apparent
1257 3652 1301 3698 est
1315 3647 1379 3698 bien
1391 3649 1426 3699 de
1438 3647 1534 3700 risou·

416 3721 465 3771 dre
478 3733 515 3770 ou
534 3719 569 3769 de
586 3719 681 3769 traiter
695 3729 751 3767 une
766 3717 893 3781 question
909 3716 1096 3781 particulidre,
1114 3732 1167 3770 son
1181 3718 1231 3768 but
1245 3719 1337 3770 moins
1354 3720 1538 3781 directaneis

416 3791 480 3855 plus
493 3790 551 3840 reel
567 3789 717 3854 peut-etro,
735 3793 779 3838 est
792 3788 827 3839 de
846 3801 919 3839 nous
937 3787 1005 3839 iaire
1021 3788 1138 3840 assister
1155 3803 1191 3840 au
1208 3791 1347 3853 spectacla
1364 3791 1399 3842 de
1416 3795 1480 3842 tous
1496 3790 1539 3841 les

417 3861 558 3926 sophistes
574 3860 671 3912 reunis
685 3861 786 3909 autour
799 3858 834 3910 de
846 3857 1017 3922 Protagoras,
1029 3870 1138 3910 comme
1151 3860 1273 3924 Htppias,
1291 3858 1425 3912 Prodicus
1437 3865 1466 3911 et
1478 3859 1538 3923 plu-

418 3935 510 3986 sieurs
530 3936 625 3983 autres
647 3943 836 3995 personnages
858 3930 983 3982 celebres
1005 3936 1169 3996 composant
1193 3944 1227 3982 en
1250 3932 1371 3996 quelque
1396 3937 1472 3983 sorte
1497 3931 1540 3983 les

418 4007 491 4056 etats
507 4004 648 4069 genereus
664 4001 699 4052 de
719 4001 747 4051 le
768 4001 952 4067 sophistique,
970 4002 1070 4053 devant
1090 4002 1216 4067 lesquels
1239 4002 1392 4066 comparsit
1409 4004 1437 4054 le
1455 4003 1540 4066 jaune

419 4075 542 4138 Socrate,
557 4074 606 4139 qui
620 4075 663 4124 les
679 4074 792 4136 attaque
808 4077 836 4122 et
852 4072 894 4123 les
910 4072 995 4123 defait
1014 4085 1085 4136 pour
1101 4073 1174 4124 ainsi
1187 4073 1248 4124 dire
1263 4087 1298 4124 en
1312 4074 1424 4134 bataille
1438 4074 1539 4136 rangee

419 4149 489 4199 dans
503 4147 530 4197 la
545 4157 684 4211 personne
699 4143 734 4194 de
750 4143 811 4192 leur
825 4143 1026 4207 representant,
1041 4141 1245 4208 Protagoras...
1260 4145 1301 4210 (ll.
1321 4145 1433 4210 cousin,
1447 4145 1538 4209 Arga-

419 4223 494 4268 mertt
509 4217 546 4267 du
559 4215 734 4279 Protagoras,
746 4212 800 4263 sub
814 4212 921 4276 finem.)

451 4288 476 4340 3.
492 4287 560 4349 Quae
574 4287 620 4339 hic
636 4289 670 4338 de
686 4284 847 4337 tortitudine
859 4285 1045 4347 disseruntur,
1060 4299 1093 4338 ea
1109 4286 1178 4338 item
1193 4288 1349 4340 cavendum
1365 4291 1409 4339 est
1425 4301 1461 4339 ne
1474 4301 1540 4353 pro-

421 4362 497 4412 tinus
513 4373 562 4424 pro
579 4357 700 4412 decretis
722 4369 796 4408 mere
814 4355 964 4409 Platonicis
985 4358 1152 4412 habeantur.
1169 4359 1298 4424 Disputat
1314 4360 1390 4411 enim
1410 4359 1539 4413 Socrates

421 4433 553 4498 pleraque
572 4431 666 4484 omnia
683 4429 719 4484 ad
738 4432 861 4482 mentem
881 4429 972 4494 ipsius
989 4431 1155 4497 Pmugmae,
1173 4431 1214 4486 ita
1228 4431 1342 4496 quidem
1360 4435 1393 4484 ut
1408 4444 1474 4486 eum
1490 4445 1540 4497 per
