3544 5468
707 651 932 706 raorscorm
1077 635 1081 642 '
1340 637 1378 700 et

304 778 397 854 Quod
411 793 512 856 quum
529 775 574 840 ito
592 775 642 854 sit,
657 775 759 838 molas
778 791 831 837 res
852 790 947 854 agere
964 773 1046 836 velle
1063 771 1246 852 nequimus,
1262 773 1324 835 nisi
1342 791 1381 838 ca

261 914 382 970 amare,
397 913 436 959 ea
450 900 602 974 appetere
618 909 802 972 possumus,
816 909 892 972 qum
906 891 990 954 mala
1003 907 1076 954 esse
1090 889 1211 954 scimus
1227 907 1235 954 :
1252 905 1291 954 ea
1303 905 1381 955 vero

260 1015 331 1096 ipsa
353 1013 453 1076 verba
481 1012 565 1074 inter
586 1027 622 1074 se
642 1010 817 1074 abhorrere
843 1009 915 1089 quis
934 1025 1000 1072 non
1025 1007 1200 1088 perspicit‘l
1223 1008 1285 1072 Ubi
1305 1025 1381 1089 ergo

262 1134 380 1196 mulam
401 1101 474 1192 esse
500 1145 569 1191 rem
589 1134 645 1190 aut
663 1126 872 1207 cognovimus
887 1133 947 1206 ,aut
963 1125 1153 1200 statuimus,
1175 1126 1264 1190 nullo
1285 1133 1381 1206 pacto

264 1264 335 1311 eam
349 1253 404 1309 aut
417 1245 558 1324 diligere,
574 1249 630 1306 aut
644 1259 775 1320 cupere,
792 1247 847 1304 aut
867 1241 1025 1321 perlicere
1038 1243 1194 1304 valemus.

303 1365 453 1428 Ceterum
471 1362 577 1426 statim
598 1366 634 1424 ut
651 1360 739 1422 illem
757 1359 833 1462 mali
851 1359 1015 1421 notionem
1034 1364 1185 1422 excutere
1205 1366 1238 1422 at
1252 1360 1382 1438 penitus

262 1489 473 1568 introspicere
491 1503 657 1564 conamur,
674 1501 878 1566 nequaquam
897 1501 969 1548 eam
991 1485 1117 1548 definiri
1131 1492 1164 1548 et
1181 1485 1331 1566 describi,
1350 1489 1384 1550 id

264 1614 315 1670 est
340 1607 490 1669 distincte
517 1603 639 1684 percipi
667 1621 764 1683 posse
790 1602 1007 1682 intelligimus.
1029 1603 1115 1665 Nihil
1140 1604 1234 1667 nobis
1259 1605 1380 1685 cogita

264 1723 351 1786 tione
372 1721 495 1800 fingere
516 1735 689 1798 possumus
709 1719 797 1798 quod
816 1735 950 1798 prorsus
973 1703 1070 1800 atque
1090 1720 1237 1784 absolute
1261 1722 1384 1785 melum

265 1838 346 1916 rit¹;
369 1854 474 1917 noque
495 1836 570 1899 mali
590 1835 766 1916 quidquam
791 1835 853 1897 nisi
877 1849 935 1915 per
956 1836 1090 1914 alicujus
1112 1837 1190 1900 boni
1214 1854 1384 1919 compera-

265 1957 387 2021 ticnem
407 1953 706 2036 oppositionemque
727 1952 939 2031 concipimus.
959 1952 1075 2038 idaiam
1093 1953 1178 2017 hanc
1196 1956 1311 2036 agendi
1331 1975 1384 2019 ra⁴

196 2113 208 2126 -
264 2073 387 2138 tionem
402 2087 474 2134 esse
487 2070 739 2151 pronunciamus
753 2070 880 2148 quoties
891 2070 953 2132 alia
966 2071 1080 2134 melior
1094 2077 1144 2134 est
1157 2087 1253 2151 quem
1268 2073 1386 2153 eligere

265 2190 300 2253 in
320 2189 414 2254 nohis
432 2188 545 2264 luerit3
567 2186 692 2249 nullum
713 2201 790 2248 vcro
813 2185 939 2249 facinus
960 2194 1010 2250 est
1032 2188 1119 2267 quod
1139 2189 1269 2252 omnino
1290 2197 1387 2271 atque

268 2306 409 2387 perlecta
430 2319 565 2385 pravum
588 2303 640 2380 sit,
656 2319 697 2366 cx
709 2320 774 2383 quo
796 2301 876 2365 nihil
897 2318 1039 2384 unquam
1059 2317 1166 2384 neque
1178 2305 1266 2384 honi,
1280 2319 1388 2388 neque

266 2423 456 2503 voluptatis,
477 2437 585 2501 neque
605 2419 748 2483 utilitatis
772 2419 888 2483 exoriri
916 2426 1024 2499 quest,
1048 2420 1135 2500 quod
1156 2421 1246 2486 nulla
1264 2425 1389 2488 ratione

266 2540 389 2604 bonum
407 2539 517 2603 vocari
536 2537 681 2616 nullique
703 2537 777 2600 ideo
802 2536 908 2601 studio
935 2545 1041 2600 ortum
1068 2539 1217 2617 praebere
1240 2541 1341 2620 possit
1361 2540 1386 2602 2.

267 2658 400 2732 Quoties
416 2655 500 2720 male
518 2654 642 2734 egimus
662 2669 702 2716 ee
721 2652 853 2716 meliora
881 2669 955 2716 esse
970 2653 1165 2734 judicamus,
1181 2663 1256 2736 quae
1277 2675 1390 2722 revera

269 2775 379 2854 pejora
401 2777 491 2850 sunt,
516 2787 656 2851 quaeque
671 2771 782 2852 pejora
802 2787 874 2833 esse
897 2771 1073 2850 posterius,
1090 2772 1147 2834 ubi
1170 2773 1211 2835 ad
1228 2775 1389 2840 saniorem

269 2898 412 2955 mentem
430 2895 642 2966 revertemur,
657 2903 871 2968 agnoscemus
885 2887 918 2964 3;
938 2889 1023 2953 inter
1040 2889 1224 2968 opinionem
1244 2898 1388 2957 nostram

269 3013 304 3070 et
330 3023 440 3071 rerum
466 3005 635 3070 veritatem
664 3004 825 3068 discordia
853 3011 914 3082 est,
938 3012 1135 3087 quapropter
1163 3024 1273 3072 errore
1299 3011 1388 3074 deci·
1409 2977 1433 3103 l!

301 3167 327 3217 1.
346 3168 472 3234 Spinozn
489 3168 530 3220 De
550 3170 577 3219 lu
595 3168 713 3232 reforma
728 3167 762 3219 de
779 3167 986 3226 l'antcndement
999 3169 1085 3230 (trad.
1103 3167 1133 3220 Ε.
1151 3167 1277 3230 Saisset).
1294 3167 1317 3220 11
1332 3168 1391 3222 ient

198 3293 200 3298 ,
270 3253 431 3305 remarquer
444 3253 499 3305 que
514 3242 541 3292 le
556 3241 621 3291 bien
638 3245 668 3291 et
682 3241 709 3291 le
725 3241 781 3290 mci
797 3253 833 3291 ne
850 3253 882 3292 se
896 3239 988 3291 disent
1004 3253 1060 3303 quo
1074 3240 1158 3291 d’uns
1170 3241 1252 3302 lacon
1265 3240 1390 3300 relative,

269 3324 307 3363 en
324 3317 399 3363 sorte
417 3313 502 3376 qn'un
521 3311 583 3364 seul
600 3315 629 3362 ct
647 3311 739 3362 meme
759 3310 835 3375 objet
855 3316 922 3375 peut
942 3311 1001 3362 etre
1018 3311 1116 3375 appele
1132 3310 1188 3365 bon
1203 3324 1240 3362 ou
1254 3310 1392 3371 monueris,

271 3383 351 3434 selon
366 3385 449 3448 qu’on
463 3383 491 3436 le
508 3383 654 3436 considere
675 3396 745 3434 sons
760 3383 800 3434 tel
818 3394 856 3433 cu
873 3382 911 3432 tel
925 3387 1052 3446 reppert3
1071 3385 1099 3432 et
1121 3383 1156 3432 de
1172 3381 1265 3434 meme
1281 3395 1351 3446 pour
1366 3382 1393 3434 lu

272 3453 423 3516 perlection
443 3457 473 3505 et
491 3453 710 3520 l’impericction.
730 3453 812 3504 Nullo
834 3453 920 3502 chose
940 3451 1104 3504 consideres
1126 3465 1162 3503 en
1182 3451 1340 3504 elle-meme
1356 3465 1392 3502 ne

271 3529 339 3588 pent
352 3525 412 3576 etre
427 3525 484 3576 dite
497 3525 613 3590 parisite
626 3539 663 3577 ou
676 3525 842 3590 impariaite.
852 3557 874 3574 ..

301 3594 329 3644 t.
346 3597 474 3660 Bossuet,
488 3597 578 3647 Trcite
590 3599 629 3648 du
641 3599 709 3648 ltere
722 3597 833 3659 irretire,
846 3597 890 3647 ch.
906 3607 947 3646 xr.
961 3595 998 3646 Le
1014 3595 1112 3658 plaisir
1125 3609 1180 3660 qua
1193 3608 1265 3648 nous
1278 3595 1392 3649 recher-

271 3665 360 3718 chons
373 3669 461 3732 etqui
477 3682 548 3720 nous
561 3668 616 3720 isit·
625 3668 694 3733 taire
707 3673 769 3719 tant
782 3667 817 3720 dc
831 3669 888 3720 mul
902 3671 947 3718 eet
960 3665 1015 3718 hon
1030 3667 1065 3716 de
1082 3667 1135 3727 soi,
1144 3672 1173 3718 et
1182 3667 1203 3716 il
1212 3671 1257 3721 cst
1271 3667 1363 3720 donne
1376 3667 1394 3717 d

271 3737 299 3790 la
312 3740 439 3792 creature
457 3755 529 3806 pour
541 3755 581 3792 un
597 3742 652 3792 hon
668 3752 764 3804 usaue.
776 3739 818 3791 Ne
830 3739 939 3790 rculoir
950 3750 1087 3802 munquer
1102 3739 1138 3788 de
1151 3739 1220 3800 rien,
1235 3751 1271 3788 ne
1287 3738 1395 3789 rouloir

272 3811 350 3862 avoir
362 3824 454 3863 aucun
470 3813 535 3874 mal,
551 3813 579 3863 ni
596 3814 656 3864 rien
674 3827 724 3877 pur
745 3812 919 3876 consequent
933 3809 982 3874 qui
1000 3822 1073 3860 nous
1088 3809 1179 3871 nuiss,
1198 3812 1259 3862 tout
1273 3809 1334 3861 cela
1349 3814 1394 3860 est

273 3881 328 3932 bon
349 3882 526 3934 risiblement
542 3888 570 3934 et
583 3884 633 3936 init
648 3883 737 3948 partie
751 3884 786 3933 de
802 3883 830 3932 la
845 3882 949 3934 solicite
965 3894 1035 3945 pour
1047 3880 1167 3945 laquelle
1181 3894 1253 3934 nous
1269 3891 1394 3934 comunes

273 3953 339 4018 nes;
354 3955 425 4007 mais
439 3968 473 4007 ce
485 3955 550 4006 bien
565 3955 717 4010 recherche
728 3955 785 4005 mel
799 3955 816 4004 e
829 3967 932 4019 propos
943 3958 988 4005 est
1001 3953 1028 4006 lu
1042 3965 1127 4010 cause
1142 3954 1191 4018 qui
1204 3966 1276 4004 nous
1289 3963 1395 4016 pousse
1473 3959 1475 3964 '

273 4024 290 4079 ὲ
306 4023 334 4074 la
348 4036 508 4088 rengeance
521 4032 549 4076 et
566 4027 675 4078 emilis
689 4032 786 4078 autres
801 4027 893 4078 esces.
910 4025 939 4080 Si
957 4025 1012 4075 l'on
1028 4026 1167 4076 maltraite
1181 4039 1219 4078 un
1235 4025 1356 4084 homme,
1368 4023 1395 4076 si

273 4108 310 4146 cn
321 4096 349 4146 le
361 4101 418 4160 tue,
433 4101 508 4148 cette
524 4097 616 4149 action
633 4102 700 4162 peut
714 4097 775 4148 etro
785 4098 966 4151 commendes
979 4110 1029 4160 par
1042 4098 1068 4148 la
1079 4097 1184 4160 justice
1197 4101 1225 4146 ct
1238 4109 1287 4162 par
1298 4095 1395 4152 conse

273 4171 360 4231 quent
373 4172 441 4233 pent
457 4169 517 4220 etrc
534 4169 633 4222 bonne.
646 4170 830 4221 commender
848 4175 893 4220 cst
912 4169 976 4230 bon,
992 4169 1052 4219 etre
1070 4167 1148 4219 riche
1162 4173 1207 4222 est
1220 4169 1290 4228 bom
1303 4172 1332 4218 et
1345 4179 1396 4220 ces

275 4239 382 4358 gunnes
396 4241 511 4362 ghcses.
525 4241 582 4294 mal
598 4242 689 4307 prisea
708 4246 737 4306 ct
755 4242 809 4296 mal
828 4241 964 4303 desirees,
979 4241 1037 4294 tout
1051 4240 1213 4296 oeanmoins
1226 4244 1287 4292 tout
1300 4239 1396 4290 le‘mal

295 4322 314 4360 u
329 4322 394 4360 mon
415 4325 443 4362 e.

306 4375 331 4430 3.
344 4378 430 4444 Plato,
445 4381 533 4445 Meno,
546 4383 577 4434 ’Π
591 4384 611 4434 d
624 4411 654 4421 —
669 4383 701 4436 ts
715 4383 739 4435 b.
