3544 5468
383 652 422 715 12
813 665 863 716 nn
883 665 1067 718 suurours

384 803 475 850 mum
492 785 600 866 (verbo
624 783 718 847 nobis
738 783 784 846 uti
806 782 913 864 liceat)
936 783 1158 858 defenderunt,
1178 800 1284 864 neque
1301 785 1406 863 primo
1420 786 1503 850 inter

384 904 456 968 illos
471 903 582 966 ordine
596 902 722 982 dignus,
738 917 839 982 quum
855 902 980 980 angusti
993 901 1138 965 nonnihit
1155 902 1190 964 in
1202 903 1273 982 ejus
1286 901 1431 966 doctrina
1444 902 1502 966 de-

385 1020 566 1102 prehendas
584 1018 639 1082 ubi
657 1019 744 1082 illam
763 1035 839 1081 cum
857 1017 944 1082 Millii
966 1019 1203 1100 sequabumque
1225 1024 1411 1082 nostrorum
1425 1036 1502 1082 sen-

384 1135 493 1199 tentiis
516 1135 682 1212 conteras3
708 1134 904 1215 quinetiam
931 1135 1106 1215 Protogora
1125 1136 1293 1199 Socratem
1318 1134 1504 1199 interiorem

385 1269 458 1318 esse
480 1252 598 1315 Grotus
620 1251 759 1332 scripsit,
774 1267 850 1314 nam
868 1253 1024 1331 privatam
1047 1251 1268 1316 tantummodo
1288 1249 1341 1314 bic
1362 1252 1504 1333 singulo·

385 1386 470 1444 rum,
486 1385 691 1432 communem
705 1368 759 1430 ille
772 1366 906 1430 civitatis
920 1368 1088 1432 utilitatem
1102 1368 1191 1434 cordi
1204 1368 1336 1452 habet⁴.
1395 1369 1400 1378 '

425 1487 709 1554 verumenimvero
739 1503 910 1552 caveamus
932 1503 975 1550 ne
1002 1484 1155 1568 ponderis
1176 1488 1250 1566 plus
1275 1487 1384 1550 verbis
1406 1504 1503 1567 quam

385 1603 534 1669 sensibus
545 1603 724 1676 tribuamus
737 1619 820 1667 neve
833 1619 873 1666 ea
888 1619 928 1665 ex
942 1603 1115 1683 scriptione
1132 1603 1333 1682 interpretati
1347 1620 1502 1685 quorsum

385 1721 518 1784 tendant
548 1737 695 1800 quaerere
726 1720 926 1784 omittamus.
960 1720 1110 1784 Oblivisci
1134 1720 1220 1783 enim
1250 1737 1317 1782 non
1345 1720 1504 1784 debemus

386 1837 553 1900 Socratem
568 1836 608 1899 de
622 1835 745 1916 vulgari
761 1836 910 1915 opinione
930 1854 1005 1918 cum
1024 1835 1208 1899 bominibus
1226 1836 1405 1899 communis
1425 1836 1505 1900 doc-

385 1953 480 2018 trinae
494 1952 702 2032 participibus
724 1953 887 2032 disputare
905 1958 938 2016 et
952 1953 1099 2033 populari
1119 1953 1293 2015 verborum
1316 1952 1387 2014 usui
1400 1952 1504 2016 inser·

387 2067 466 2131 vire.
483 2069 529 2130 Ea
545 2066 758 2131 communiter
769 2069 854 2131 bona
866 2084 1102 2147 nuncupamus,
1124 2085 1162 2131 ea
1179 2068 1338 2148 cupimus,
1354 2086 1428 2148 quae
1443 2068 1503 2131 ati-

389 2186 465 2264 quid
498 2185 670 2264 voluptatis
700 2183 795 2250 nobis
826 2184 975 2246 afferunt.
1009 2185 1048 2247 Et
1079 2201 1179 2265 quum
1211 2183 1375 2268 ingenium
1407 2202 1512 2251 suum.

387 2301 533 2382 plerique
553 2319 619 2365 non
638 2302 718 2366 adeo
735 2285 944 2365 'exercuerint
961 2307 997 2365 ut
1015 2302 1056 2364 de
1073 2301 1149 2365 boni
1163 2302 1278 2366 malive
1295 2308 1408 2365 natura
1419 2303 1505 2380 iudi-

389 2418 474 2480 cium
496 2418 581 2481 ferre
602 2424 732 2499 queant,
748 2419 832 2481 iacta
852 2435 911 2481 sua
933 2435 972 2480 ex
994 2418 1158 2497 voluptate
1178 2423 1234 2480 aut
1258 2417 1368 2482 dolore
1387 2417 1505 2498 quibus

391 2535 575 2599 afficiuntur
598 2535 770 2599 aestimant.
794 2535 865 2598 Hoc
890 2535 986 2615 igitur
1012 2535 1163 2598 Socrates
1188 2536 1359 2600 ostendere
1386 2539 1504 2622 voluit,

389 2671 538 2718 securam
560 2655 758 2734 voluptatem
781 2653 905 2716 virtutis
930 2653 1071 2732 primum
1095 2653 1266 2733 praemium
1293 2671 1375 2734 esse,
1400 2673 1507 2738 neque

390 2771 545 2850 ampliore
572 2776 626 2833 eut
653 2761 785 2833 meliore
811 2786 954 2849 unquam
981 2769 1097 2848 gaudio
1123 2786 1183 2831 nos
1203 2770 1264 2833 irui
1288 2788 1384 2850 quam
1406 2791 1505 2852 quum

390 2895 480 2953 recte
497 2887 690 2968 egerimus²⁸
712 2886 831 2966 Ecquis
854 2894 974 2962 autem,
995 2887 1167 2950 dummodo
1191 2861 1361 2950 Philebum
1383 2891 1508 2971 legerit,

392 3006 537 3069 dubitare
551 3005 668 3084 poterit
681 3003 758 3085 quin
773 3004 879 3065 minus
901 3009 979 3084 quot
1002 3010 1035 3066 et
1058 3009 1188 3084 quantae
1208 3022 1304 3084 quam
1325 3006 1437 3086 quales
1450 3026 1509 3071 vo·

345 3131 348 3136 '
391 3123 531 3202 luptates
545 3127 654 3183 essent
668 3120 934 3182 considerandum
951 3121 1133 3200 putaverit‘t
1153 3121 1273 3202 Ecquis
1295 3139 1370 3184 eum
1385 3124 1511 3186 nultum

391 3237 488 3298 atium
501 3236 624 3298 homini
637 3235 735 3297 finem
750 3235 955 3314 proposuisse
976 3236 1096 3312 credet,
1114 3254 1210 3316 quam
1232 3237 1431 3317 voluptatem
1447 3240 1512 3301 uti-

391 3353 589 3434 litatemque,
615 3369 714 3432 quum
740 3352 847 3438 toties,
873 3351 907 3413 in
937 3351 1059 3431 Gorpia
1087 3352 1278 3430 praesertim,
1306 3354 1511 3418 miseriorem

391 3492 466 3539 eum
481 3475 643 3554 protessus
657 3475 697 3536 sit
711 3474 766 3554 qui
786 3473 934 3552 injuriam
957 3472 1047 3535 atteri
1065 3472 1207 3551 inferret,
1224 3491 1321 3552 quam
1342 3476 1397 3553 qui
1421 3484 1512 3555 pate·
1531 3475 1533 3480 ’

393 3592 527 3656 retur³?
547 3591 662 3654 Nonne
690 3591 889 3669 apertissime
917 3606 992 3652 eum
1019 3590 1114 3652 docet
1138 3591 1347 3668 temperantis
1381 3594 1512 3658 nomine

391 3709 523 3772 minime
537 3709 668 3787 dignum
684 3725 756 3770 esse
771 3707 826 3786 qui
839 3708 918 3769 nihil
928 3707 990 3768 nisi
1002 3708 1183 3785 voluptates
1197 3709 1337 3788 respicit,
1357 3725 1412 3770 eas
1429 3710 1512 3774 inter

393 3847 429 3892 se
443 3831 618 3906 comparat,
634 3831 668 3887 et
687 3825 933 3904 intemperantia
952 3824 1197 3903 temperantiam
1216 3823 1335 3887 cotit‘i
1353 3825 1512 3897 Quoniam

422 4062 446 4114 i.
461 4059 568 4113 Grote’s
582 4059 672 4118 Pluto,
686 4063 706 4109 t.
722 4058 756 4121 11,
771 4058 815 4109 ch.
831 4070 893 4109 xxr.

423 4136 447 4183 2.
463 4133 542 4194 Ken„
557 4132 649 4195 Mem„
665 4132 686 4192 Ι,
701 4141 740 4192 vl,
751 4130 776 4180 9.
790 4129 844 4181 Οἴει
860 4129 902 4182 οὖν
918 4125 967 4181 ἀπὸ
982 4129 1079 4182 πάντων
1095 4131 1187 4182 τούτων
1201 4131 1323 4194 τοσάυτην
1337 4126 1427 4196 ἡδονὴν
1442 4129 1511 4195 εἶναι,

394 4203 458 4267 ’ὅσην
473 4199 522 4256 ἀπὸ
539 4211 584 4254 τοῦ
601 4203 686 4254 ἑαυτὸν
702 4221 728 4252 τε
741 4195 853 4267 ἡγεῖσθαι
869 4203 955 4268 βελτίω
971 4203 1094 4267 γίγνεσθαι
1110 4201 1156 4252 uut'
1166 4205 1247 4270 φίλους
1265 4198 1376 4269 ἀμείνους
1393 4207 1512 4264 scisciam

394 4275 442 4338 ct,
459 4274 501 4335 tv,
520 4285 548 4338 v,
564 4274 606 4336 1⁰3
622 4273 665 4334 IV,
680 4283 743 4336 vm,
757 4271 781 4323 6.

424 4345 449 4396 3.
464 4345 549 4410 Plato,
569 4344 659 4407 Gorq,
675 4343 723 4393 tte
740 4343 763 4404 b,
778 4341 825 4393 ⁴69
841 4341 865 4392 b.

425 4418 450 4470 t.
464 4418 550 4480 Plato,
565 4417 676 4480 Piroedo,
690 4415 722 4468 68
735 4431 759 4478 e,
771 4413 803 4468 69
817 4428 844 4465 o.
