3544 5468
697 678 922 732 PROTAGORA
1349 672 1371 732 5

252 817 328 863 cum
340 800 404 863 illis
416 801 512 880 plane
529 807 712 880 congruunt
732 817 810 881 quae
830 818 850 862 a
864 800 1080 882 Xenophonte
1097 802 1132 864 in
1149 801 1369 864 Memorabili-

251 915 309 978 bas
322 917 516 980 referuntur.
536 917 617 992 Quae
634 917 663 980 si
685 934 761 981 cum
783 917 947 980 Platonica
967 918 1135 998 disciplina
1159 919 1368 999 conferimus,

251 1049 349 1112 quam
376 1049 416 1095 ex
442 1032 673 1113 posterioribus
703 1033 814 1113 libris,
844 1050 885 1096 ex
916 1033 1093 1112 Republica
1122 1034 1303 1114 praesertim
1338 1042 1372 1099 et

253 1149 385 1229 &gibus
400 1148 410 1184 ¹
425 1149 661 1229 cognoscimus,
682 1149 785 1212 multa
802 1156 835 1212 et
854 1149 991 1212 maxima
1010 1166 1084 1212 esse
1101 1157 1235 1230 apparet
1252 1151 1372 1233 quibus

250 1266 334 1329 inter
355 1282 392 1328 se
414 1264 573 1328 differant.
599 1265 744 1346 Denique
767 1265 1042 1346 Aristotelesque
1064 1282 1160 1329 nemo
1183 1267 1299 1330 melius
1322 1268 1371 1330 di·

251 1397 408 1463 gnoscere
429 1382 534 1462 potuit
556 1398 632 1461 qnae
654 1383 788 1459 Socrati,
812 1400 885 1462 quae
904 1382 1029 1444 Platoni
1052 1383 1229 1462 disciplinae
1249 1385 1371 1448 adscri-

249 1501 367 1564 bendae
380 1506 490 1562 essent
503 1500 623 1579 quique
636 1516 749 1562 eorum
763 1500 994 1578 discrepantias
1007 1499 1267 1581 frequentissime
1279 1503 1371 1566 illus·

249 1618 356 1696 travit,
370 1617 637 1699 quotiescumque
652 1617 692 1679 de
708 1617 827 1679 veteris
840 1617 983 1680 Socratis
996 1617 1201 1696 opinionibus
1212 1617 1372 1684 disserere

250 1737 451 1818 aggreditur,
476 1735 607 1798 easdem
638 1736 799 1797 doctrinas
824 1743 858 1798 et
882 1753 972 1815 saepe
997 1737 1113 1799 iisdem
1140 1737 1236 1800 etiam
1263 1738 1373 1802 verbis

252 1852 383 1933 exponit
409 1868 484 1932 quae
510 1851 545 1912 in
572 1851 756 1928 Protagora
783 1850 985 1914 adhibentur.
1002 1851 1145 1913 Socratis
1169 1868 1245 1930 ergo
1269 1851 1373 1931 ipsius

253 1966 445 2030 sententiam
458 1982 499 2028 ex
511 1965 576 2028 huc
588 1965 670 2027 libro
685 1981 881 2045 cognoscere
895 1965 989 2027 nobis
1002 1965 1107 2028 datur.

293 2084 363 2146 Alia
376 2083 472 2146 etiam
486 2099 585 2146 causa
604 2088 654 2145 est
674 2099 733 2145 cur
746 2083 835 2144 hunc
848 2082 1009 2162 dialogum
1023 2083 1109 2146 inter
1121 2099 1235 2146 omnes
1248 2084 1370 2168 dignis·

249 2201 368 2264 simmu
396 2200 553 2262 ducamus
572 2215 671 2281 quem
694 2199 838 2262 studiose
866 2200 1144 2264 consideremus:
1174 2202 1371 2265 Socraticam

250 2318 336 2381 enim
358 2318 398 2380 de
420 2323 536 2379 natura
553 2317 681 2378 virtutis
702 2316 881 2379 doctrinam
898 2323 1000 2379 totam
1018 2323 1050 2378 et
1068 2319 1197 2396 plenam
1216 2317 1369 2393 continet,

250 2451 348 2515 quam
361 2433 396 2494 in
408 2432 499 2495 nullo
513 2431 574 2495 alio
592 2432 675 2495 libro
698 2433 780 2496 adeo
798 2433 979 2496 absolutam
998 2434 1150 2512 reperias.
1167 2433 1277 2495 Multae
1296 2433 1370 2514 qui-

249 2552 325 2614 dem
339 2551 425 2612 illius
438 2549 616 2630 disciplinae
632 2558 741 2630 partes
758 2551 792 2612 in
808 2526 1040 2630 posterioribus
1059 2550 1190 2629 dialogis
1203 2552 1321 2613 iterum
1338 2558 1371 2613 et

246 2667 348 2730 fusius
365 2671 513 2728 tractatae
536 2672 613 2727 sunt
638 2683 646 2727 :
672 2684 748 2745 quae
769 2667 1009 2746 explanationes
1032 2683 1159 2728 summo
1182 2666 1277 2729 nobls
1297 2668 1369 2728 usui

247 2789 342 2847 erunt
363 2790 399 2846 ut
413 2782 568 2862 quasdam
583 2783 771 2862 Protagorae
791 2784 966 2845 sententias
986 2782 1111 2844 facilius
1130 2784 1368 2862 intelligamus3

249 2915 409 2978 nusquam
427 2905 536 2962 autem
554 2915 630 2976 quae
658 2900 700 2960 sit
726 2916 804 2961 vera
831 2899 1005 2960 Socraticae
1030 2898 1185 2960 doctrinae
1207 2898 1309 2960 forma
1331 2915 1370 2959 ac

248 3016 347 3080 facies
366 3016 447 3078 adeo
469 3016 564 3095 plene
586 3022 619 3076 et
639 3015 807 3078 manifesto
830 3015 1073 3093 deprehendere
1098 3015 1285 3078 conceditur
1302 3015 1370 3076 :ita

250 3143 287 3195 ut
300 3134 354 3195 hic
367 3150 426 3212 per
439 3149 474 3194 se
489 3132 643 3210 dialogus,
661 3133 758 3192 etiarn
771 3133 841 3194 sine
856 3138 1040 3195 ceterorum
1058 3149 1133 3210 ope,
1148 3133 1280 3210 intelligi
1294 3150 1369 3212 pos-

250 3252 303 3324 sit,
320 3250 373 3312 alii
385 3251 456 3311 sine
469 3250 567 3327 hujus
580 3249 697 3311 auxilio
713 3256 887 3329 nequeant.
1124 3329 1126 3332 ι

290 3367 404 3430 Dicere
416 3383 496 3429 num
509 3383 591 3445 opus
607 3371 657 3426 est
669 3364 783 3427 iisdem
804 3365 947 3427 artificiis
970 3367 1016 3427 uti
1037 3366 1071 3426 in
1088 3365 1152 3428 hoo
1167 3366 1248 3428 libro
1263 3367 1370 3429 Plato·

249 3501 325 3546 nem
341 3502 414 3563 quae
431 3485 465 3544 in
488 3483 638 3545 omnibus
660 3483 813 3559 operibus
832 3483 899 3543 suis
920 3482 1073 3545 adhibere
1095 3454 1197 3544 solet‘l
1218 3485 1371 3545 Autumat

250 3601 288 3662 V.
312 3601 427 3670 Cousic
451 3601 590 3660 maxime
610 3599 802 3676 simplicem,
822 3599 1000 3659 ordinatam
1024 3605 1056 3661 et
1079 3599 1149 3660 sine
1176 3599 1372 3678 digressibus

254 3731 326 3776 esse
343 3713 529 3790 Protagorae
553 3711 833 3790 designationem²
853 3729 861 3772 :
883 3711 969 3788 quod
990 3711 1083 3772 valde
1103 3713 1221 3773 mirum
1242 3712 1286 3773 illi
1306 3730 1372 3774 non

253 3824 355 3885 videri
367 3841 433 3884 non
448 3829 553 3901 potest
567 3823 623 3900 qui
636 3823 753 3882 librum
771 3824 894 3884 intento
916 3823 1022 3883 animo
1037 3823 1181 3900 perlegit.
1198 3820 1293 3883 llulto
1307 3839 1374 3883 rna-

253 3943 301 4020 gis
322 3940 415 4002 nobis
429 3939 534 4017 placet
553 3939 644 3999 Groti
658 3939 764 4014 opinio
786 3940 840 4017 qui
859 3956 1018 4015 nusquam
1034 3940 1153 4016 saepius
1172 3945 1205 4000 et
1222 3939 1327 4000 deseri
1341 3947 1374 4001 et

254 4057 376 4121 resumi
391 4056 590 4135 propositam
606 4055 855 4132 disputationem
869 4054 1036 4116 affirmat³.
1050 4055 1077 4116 N
1080 4073 1121 4116 on
1134 4055 1272 4117 multum
1287 4056 1374 4117 enim

285 4285 310 4334 1.
330 4285 416 4347 Plato,
435 4283 522 4346 Leges,
539 4282 560 4340 1,
577 4280 625 4332 630
638 4281 662 4330 b.

287 4359 312 4406 2.
329 4356 357 4404 V.
372 4355 486 4414 Cousin,
503 4354 655 4417 Arpament
669 4352 708 4400 da
721 4351 897 4414 Protagorae.

289 4427 314 4478 3.
330 4425 436 4478 Grote's
448 4425 540 4486 Plato,
555 4431 575 4477 t.
591 4425 625 4486 ll,
640 4438 668 4488 p.
683 4421 723 4474 29.
