3544 5468
421 618 461 702 52
855 653 903 703 nu
926 649 1103 703 rutrours

421 779 467 848 ut,
487 757 589 852 quum
611 771 777 834 scientiam
801 768 1035 848 possideamus,
1060 787 1098 832 ea
1118 787 1183 833 non
1205 778 1343 850 utamur,
1361 774 1533 852 ignoranti-

418 890 546 968 busque
571 888 651 950 nihil
672 893 865 967 praestemus
882 903 888 948 :
906 892 974 948 tum
1000 902 1092 962 vero,
1115 888 1259 967 rapiente
1282 889 1430 968 libidine,
1453 892 1536 953 male

418 1004 585 1084 agitati-⁹1¹:
602 1001 726 1086 ἔστιγὰρ
744 1002 775 1062 τὸ
793 1000 947 1062 ἐπίστασθαι
966 999 1062 1078 διττόν,
1079 993 1115 1060 ῶν
1134 1001 1164 1062 τὸ
1181 1001 1229 1082 μέν
1248 1009 1303 1064 ἐστι
1324 1003 1371 1078 τήν
1390 1007 1535 1085 ἐπιστήμην

388 1141 394 1152 ·
414 1121 487 1203 ἐχειν
505 1120 670 1202 (ἐπίστασθαι
689 1118 738 1202 γὰρ
758 1142 844 1202 φαμεν
862 1117 922 1178 τότε
941 1117 1003 1178 ὅταν
1021 1143 1060 1186 τις
1079 1119 1227 1198 ἐπιστήμην
1246 1120 1320 1202 ἔχῃ),
1336 1122 1366 1181 τὸ
1381 1122 1490 1204 δ’ἔτερον
1504 1123 1534 1181 τὸ

418 1241 530 1322 ἐνεργεῖν
549 1223 600 1312 ήθη
619 1242 652 1318 τῇ
671 1235 814 1318 ἐπιστήμῃ.
837 1234 954 1316 ἀκρατής
971 1227 1016 1294 οθν
1034 1235 1104 1294 ἐστὶν
1122 1242 1136 1296 ὁ
1158 1234 1228 1317 ἔχων
1247 1236 1295 1310 τήν
1313 1239 1460 1318 ἐπιστήμην
1481 1244 1532 1299 τῶν

349 1403 357 1414 ,
415 1358 516 1430 καλῶν,
532 1357 580 1414 οὐκ
595 1356 704 1435 ἐνεργῶν
719 1354 822 1433 δ’σύιῇ.
840 1351 928 1414 lllam
941 1367 1018 1414 vero
1038 1353 1215 1414 doctrinam
1231 1353 1381 1416 Socrates
1396 1355 1462 1432 jam
1481 1373 1532 1417 re·
1582 1373 1587 1376 ·

415 1473 538 1534 sollenat
552 1478 585 1533 et
598 1471 631 1532 in
648 1471 804 1532 Theaeteto
819 1486 885 1530 non
900 1485 972 1530 eam
987 1485 1059 1531 esse
1068 1469 1234 1531 scientiam
1246 1471 1529 1546 demonstraverat,

415 1606 479 1668 qua
493 1587 587 1650 simul
600 1587 748 1648 instructi
763 1593 795 1648 et
808 1585 921 1664 inopes
941 1585 1093 1646 exsistere
1110 1601 1280 1663 possemus
1291 1586 1313 1646 ².
1330 1587 1431 1650 Instat
1444 1589 1532 1650 Aris·

413 1704 544 1766 toteles³
565 1723 571 1761 :
588 1704 689 1764 altera
701 1707 761 1779 est,
775 1702 829 1777 ait,
843 1700 1044 1777 universalis,
1056 1701 1156 1762 altera
1166 1702 1366 1780 particularis
1377 1705 1529 1766 scientia:

413 1831 488 1887 sunt
503 1825 558 1903 qui
572 1830 719 1886 naturam
734 1823 810 1884 boni
831 1821 1022 1901 generaliter
1040 1821 1152 1898 sciant,
1173 1823 1237 1884 hoc
1254 1839 1331 1884 vero
1352 1825 1531 1903 singillatim

411 1943 533 2005 bonum
550 1959 621 2005 esse
635 1942 782 2020 ignorent
798 1959 807 1999 .·
823 1937 892 1999 ἐστιν
907 1930 951 1999 οθν
966 1937 980 1997 θ
994 1964 1026 2020 τη
1043 1936 1090 2018 μέν
1103 1939 1216 1999 καθόλου
1226 1940 1360 2022 ἐπιστήμη
1374 1943 1529 2023 ἐπίσταμαι,

411 2067 444 2134 τῆ
461 2061 529 2122 θ’ἐπθ
549 2061 641 2143 μέρους
657 2059 737 2121 σθ...
754 2056 879 2125 ὡσαύτως
893 2058 976 2117 τοίνυν
990 2057 1032 2117 ἐπὶ
1048 2065 1093 2117 τοῦ
1108 2063 1236 2140 ἀκρατοῦς
1257 2066 1303 2119 τοῦ
1319 2058 1366 2132 τὴν
1385 2063 1531 2141 ἐπιστήμην

411 2175 515 2254 ἔχοντος
535 2177 552 2244 ἡ
576 2169 642 2244 αὐτή
662 2169 778 2252 ἁμαρτία
800 2168 972 2248 συμθήσιται.
1001 2167 1133 2248 ἐνδέχεται
1153 2167 1203 2251 γὰρ
1226 2169 1270 2228 τὸν
1294 2169 1394 2252 ἀκρατή
1419 2171 1465 2245 τήν
1484 2172 1529 2251 μὲν

409 2290 522 2350 καθοῶου
536 2289 683 2368 ἐπιστήμην
698 2286 767 2368 ἔχειν
777 2286 816 2346 tn
831 2284 864 2345 τθι
877 2293 985 2346 τοιαῦτα
996 2288 1084 2368 φαῦλα
1098 2285 1144 2345 καὶ
1154 2285 1282 2369 θλαὸερά,
1294 2286 1331 2366 μὴ
1344 2287 1432 2367 μέντοι
1446 2315 1476 2369 γε
1490 2289 1529 2350 ὅτι

409 2405 465 2467 ἐστὶ
474 2413 557 2466 ταῦτα
566 2409 653 2489 φαῦλα
664 2404 706 2464 ἐπὶ
717 2403 809 2487 μέρους
818 2402 921 2464 εἰδέναι.
936 2403 1028 2475 Quod
1037 2402 1192 2464 adversus
1202 2403 1342 2465 Socratis
1353 2406 1529 2469 doctrinam

410 2521 487 2581 nihil
505 2522 613 2582 valere
634 2520 790 2596 exipsius
812 2517 989 2580 Aristotelis
1008 2519 1209 2581 confessione
1231 2522 1435 2584 manifestum
1454 2531 1525 2586 est:

414 2635 514 2717 Ὀρθῶς
537 2635 568 2695 τὸ
586 2633 767 2717 Σωκρατικὸν,
783 2633 823 2694 ὅτι
842 2631 914 2692 οὐδὲν
938 2632 1103 2716 ἰσχυρότερον
1122 2635 1283 2717 φρονήσεως·
1300 2636 1367 2697 ἀλλ’
1387 2639 1427 2699 ὅτι
1451 2642 1527 2700 ἐπισ·

408 2752 495 2831 τήμην
508 2749 569 2835 ἐρη,
589 2753 637 2810 οὐκ
656 2753 747 2831 ὀρθῶς,
768 2747 848 2830 ἀρετή
869 2747 919 2830 γὰρ
941 2752 997 2808 ἐστι
1015 2749 1062 2808 καὶ
1080 2753 1127 2810 οὐκ
1147 2753 1309 2832 ἐπιστήμηθ.
1327 2754 1424 2833 Atqui
1442 2757 1527 2835 quod

409 2868 597 2930 Aristoteles
620 2867 750 2950 φρόνησιν,
771 2866 834 2927 boc
857 2866 994 2954 maxime
1015 2866 1164 2929 Socrates
1184 2869 1332 2950 ἐπιστήμην
1357 2880 1464 2949 vocat;
1485 2873 1529 2933 ita

409 2989 454 3058 ut,
477 2984 504 3043 si
522 2981 687 3060 seientiam
705 2979 812 3041 verbis
831 2979 966 3042 definire
985 2981 1154 3058 voluisset,
1179 2983 1229 3050 his
1253 2985 1332 3062 ipsis
1354 2987 1462 3048 verbis
1484 2988 1527 3049 uti

409 3099 574 3180 potuisset,
591 3097 708 3176 quibus
722 3094 843 3179 φρόνησιν
856 3096 1044 3158 Aristoteles
1066 3097 1268 3161 describebat
1284 3117 1290 3161 :
1308 3100 1527 3184 &peritiunculae

408 3212 470 3275 καθ’
486 3215 517 3288 ἣν
531 3216 559 3274 εὖ
575 3213 742 3293 βουλεύεσθαι
757 3211 876 3273 δύνανται
891 3213 948 3296 περὶ
963 3214 1123 3294 ἀγαθῶνκαὶ
1139 3217 1260 3276 κακῶνθ.
1271 3217 1342 3279 Non
1358 3220 1443 3280 enirn
1457 3237 1528 3282 eam

410 3335 575 3396 scientiam
605 3333 744 3413 appellat
770 3349 843 3412 quae
871 3350 986 3394 vanam
1014 3335 1112 3395 animi
1140 3336 1357 3400 curiositatem
1386 3340 1524 3418 expleat,
1585 3413 1592 3424 ,

411 3467 548 3529 quaque,
565 3449 642 3512 dum
663 3450 726 3512 hoc
745 3450 895 3523 sciamus,
912 3449 991 3511 illud
1009 3455 1119 3513 tamen
1137 3452 1337 3531 ignoremus,
1356 3457 1414 3518 sed
1427 3457 1529 3535 ipsam
1597 3469 1600 3476 '

409 3568 527 3647 ingenii
545 3567 705 3629 solertiam
726 3565 974 3646 firmitatemque
992 3584 1055 3645 qua
1073 3584 1187 3630 verum
1208 3571 1353 3632 invenire
1373 3579 1405 3634 et
1418 3590 1436 3633 a
1450 3572 1528 3635 falso

410 3685 593 3748 discernere
607 3685 763 3746 valemus.
775 3683 881 3756 Quum
893 3683 988 3761 igitur
1001 3684 1129 3746 nonnisi
1143 3692 1232 3749 recto
1243 3688 1364 3765 iudicia
1376 3687 1525 3764 ieramus,

444 3947 468 3999 1.
486 3945 579 4006 Arist,
599 3942 691 4007 Μαρια.
708 3943 786 4005 Μαι,
806 3944 898 4005 ll,v1,
918 3941 977 3995 mol
998 3944 1022 3994 b.
1042 3943 1080 3996 Cl.
1099 3946 1164 3996 Eti.
1184 3947 1255 4010 Nic,
1275 3947 1331 4012 Vll,
1352 3962 1394 4012 ιιι,
1415 3950 1476 4002 1117
1497 3967 1526 4004 ο.

411 4018 476 4071 Eth.
491 4017 574 4078 Eud,
590 4016 611 4077 1,
628 4027 656 4076 v,
675 4015 736 4066 1216
753 4017 776 4065 θ.

441 4090 468 4141 2.
486 4089 573 4149 Plato,
586 4087 607 4137 T
607 4089 694 4149 hecel„
705 4085 749 4136 197
765 4087 822 4136 b-
836 4085 883 4138 θθθ
897 4087 923 4137 d.
935 4086 982 4155 θρα
999 4083 1028 4151 δὴ
1044 4099 1085 4140 καὶ
1100 4086 1236 4158 ἐπιστήμην
1251 4088 1271 4144 εἷ
1287 4096 1388 4146 δυνατὸν
1399 4094 1463 4147 θυτω
1474 4116 1529 4148 ιιειι·

410 4161 514 4227 τημένον
530 4155 562 4224 μὴ
578 4159 655 4224 ἐχειν;

442 4233 466 4280 3.
482 4229 578 4288 Arist,
596 4227 689 4290 Μαρια.
705 4227 790 4290 Mor„
808 4228 842 4289 11,
859 4241 899 4279 νῐ.

442 4302 466 4352 l.
481 4299 573 4361 Arist,
589 4298 653 4348 Etb.
669 4299 751 4361 Eud„
768 4299 825 4360 Vll,
840 4311 907 4350 xrrr.

442 4373 466 4422 5.
482 4370 581 4432 Arist„
594 4369 748 4432 Rtetortc„
763 4370 782 4431 l,
797 4370 821 4432 9,
839 4369 901 4422 1366
917 4373 941 4434 b,
955 4372 995 4425 20.
1013 4374 1078 4424 Ett.
1095 4374 1172 4439 Nic,
1187 4380 1208 4439 Ι,
1226 4391 1245 4441 1,
1265 4378 1326 4430 tutti
1339 4377 1362 4440 b,
1375 4380 1404 4432 t.
