3544 5468
401 623 442 690 48
836 641 885 693 nn
907 640 1089 694 pharonis

400 763 455 844 qui
482 763 632 844 superius
659 763 800 836 dicebas,
825 762 984 838 Socrates,
1010 760 1118 826 doceri
1143 776 1209 824 non
1228 771 1329 841 ¹posse
1352 761 1513 840 virtmarn,

399 896 487 944 nunc
505 879 641 961 tibiipsi
665 878 823 942 contraria
846 879 988 942 studiosa
1011 878 1089 958 agis,
1103 876 1180 940 dum
1199 877 1370 942 ostendere
1389 882 1516 944 conaris

398 1009 512 1061 omnes
536 1013 589 1060 res
610 1011 683 1060 esse
706 995 884 1073 scientiam,
909 1000 942 1057 et
960 995 1127 1072 iustitiam,
1150 1000 1182 1056 ot
1205 997 1462 1074 temperantiam,
1484 1004 1516 1060 et

399 1112 706 1193 fortitudinemque
724 1111 847 1175 ratione
866 1111 1003 1173 maxime
1021 1110 1174 1174 virtutem
1193 1110 1303 1174 doceri
1322 1093 1419 1189 posse
1441 1130 1518 1176 eon-

401 1228 537 1294 lioiatur.
553 1251 566 1288 n
585 1227 721 1291 Vixdum
735 1244 774 1291 ea
787 1228 914 1318 locutus
928 1233 997 1290 erat
1010 1227 1170 1304 Socrates,
1186 1244 1287 1307 quum
1303 1229 1515 1293 collocutores

399 1344 616 1408 discesserunt
631 1344 730 1438 (rordt'¹
740 1342 855 1412 εἰπόντες
874 1343 919 1404 καὶ
937 1341 1096 1412 ἀκούσαντες
1110 1342 1229 1426 ἀπῇμεν)
1241 1344 1266 1418 ¹,
1284 1361 1353 1410 rem
1367 1345 1518 1410 infectam
1580 1317 1587 1328 Ι

402 1462 631 1542 relinquentes,
653 1463 698 1524 ita
720 1466 755 1524 ut
773 1461 925 1525 tenebras
942 1477 1008 1523 non
1031 1461 1135 1524 solum
1160 1477 1224 1522 non
1250 1463 1435 1538 removisse,
1463 1464 1529 1525 sed

401 1578 497 1641 etiam
510 1579 637 1641 auxisse
651 1578 847 1641 viderentur.
869 1576 940 1640 Non
961 1583 1009 1639 est
1026 1583 1135 1640 tamen
1157 1593 1216 1640 cnr
1229 1576 1394 1642 Socratem
1410 1579 1519 1642 crimi-

400 1711 531 1772 nemur,
556 1711 654 1776 quum
676 1695 763 1758 illius
784 1694 984 1773 disciplinam
1000 1693 1040 1756 de
1053 1693 1199 1756 scientiae
1212 1700 1327 1757 nature
1342 1661 1518 1775 cognosca-

401 1827 475 1874 mus
485 1810 589 1890 deque
608 1811 759 1874 methodo
774 1810 1035 1890 quajuvenesad
1049 1809 1216 1873 scientiam
1231 1811 1346 1874 adduci
1360 1811 1512 1876 debeant.

441 1928 586 2007 Namque
599 1927 677 1989 dum
692 1928 842 1990 virtutem
857 1926 965 1989 doceri
975 1942 1041 1989 non
1054 1942 1150 2006 posse
1165 1927 1359 2006 asseverem,
1375 1927 1417 1990 ab
1430 1930 1518 1993 nullo

402 2061 514 2108 eornm
533 2044 588 2122 qui
607 2043 758 2106 virtutem
781 2043 897 2105 docere
920 2059 956 2104 se
979 2042 1189 2121 prolltcantur
1207 2042 1426 2108 adolescentes
1449 2061 1518 2107 me-

400 2159 496 2223 liores
509 2160 592 2222 effici
607 2176 703 2239 posse
715 2159 889 2238 significati
904 2160 1069 2222 :rhetores
1083 2159 1116 2219 in
1133 2158 1264 2237 Gorpio,
1276 2161 1421 2239 politicos
1430 2163 1516 2224 viros

400 2277 435 2337 in
457 2276 610 2354 Menona,
633 2281 723 2338 vates
741 2276 775 2336 in
796 2275 1044 2353 Euthyphronc,
1064 2279 1177 2352 poetas
1194 2274 1228 2336 in
1250 2273 1337 2353 lonc,
1358 2275 1517 2355 sophistas

402 2393 550 2472 denique,
572 2393 777 2472 quisumma
798 2392 986 2454 auctoritate
1010 2390 1197 2469 eximiisque
1221 2391 1398 2454 honoribus
1420 2392 1516 2455 llore-

400 2510 487 2586 hant,
509 2509 543 2570 in
568 2509 749 2588 Protopora
776 2507 926 2570 confutat.
949 2505 1062 2587 Neque
1087 2507 1234 2587 exempla
1257 2507 1352 2570 modo
1375 2508 1514 2585 adhibet,

401 2626 577 2689 admonens
591 2625 702 2705 quales
716 2641 755 2687 ex
767 2624 895 2686 illorum
911 2624 1029 2690 scholis
1048 2623 1195 2703 discipuli
1212 2625 1333 2704 egressi
1352 2624 1429 2702 sint,
1446 2642 1517 2688 ma-

401 2743 580 2822 gistrosque
589 2758 628 2804 ex
638 2741 811 2821 discipulis,
823 2747 974 2818 tanquam
987 2756 1026 2802 ex
1037 2739 1193 2802 fructibus
1207 2740 1355 2818 arbores,
1365 2743 1517 2805 aestimari
1594 2738 1596 2744 '

400 2876 497 2939 posse
515 2858 677 2922 affirmans
690 2857 791 2937 (quod
809 2861 1034 2936 argumentum
1054 2856 1208 2919 adversus
1227 2857 1393 2921 Socratem
1411 2861 1517 2940 ipsum

400 2976 543 3040 converti
557 2990 652 3054 posse
666 2975 783 3037 Grotus
802 2975 916 3036 merito
927 2971 1093 3049 adversim,
1112 2990 1211 3053 quum
1227 2974 1311 3038 inter
1324 2975 1409 3038 illius
1423 2977 1515 3040 audi·

397 3101 484 3159 tores
498 3093 678 3157 alcibiades
691 3093 866 3174 Critiasqne
880 3093 934 3155 din
954 3094 1060 3156 locum
1076 3093 1279 3176 obtinuerint)
1291 3110 1300 3172 ;
1314 3112 1514 3177 rerumquae

400 3212 442 3276 sit
455 3211 587 3276 scientia
598 3210 686 3274 nullo
701 3215 795 3290 pacto
809 3227 866 3274 eos
879 3210 1075 3274 intellexisse
1089 3215 1190 3289 putat.

439 3328 633 3409 Sapientiam
645 3328 730 3391 enim
744 3328 933 3407 Protagoras
948 3343 988 3390 ex
1002 3326 1139 3406 quadam
1155 3327 1372 3392 doctrinarum
1387 3347 1521 3395 summax

399 3453 431 3511 et
449 3433 540 3526 quasi
557 3463 693 3525 corpore
711 3450 860 3509 constare
881 3451 1003 3522 censet,
1018 3460 1098 3523 quas
1112 3443 1182 3522 ipse
1196 3443 1332 3525 adeptus
1348 3446 1399 3525 sit,
1415 3464 1514 3527 quas·

398 3579 461 3643 que
481 3580 556 3628 cum
574 3562 644 3625 aliis
664 3561 903 3627 communicare
922 3560 1057 3642 queat¹⁵3
1072 3559 1235 3623 neminem
1250 3561 1427 3642 sapientem
1441 3581 1520 3629 esse.

429 3810 456 3863 l.
474 3809 596 3872 Protea,
613 3807 660 3860 362
676 3822 706 3859 ο.

428 3882 456 3932 9.
473 3881 594 3944 Ρνοεο9.,
609 3876 717 3931 319δ.’
693 3880 756 3966 εγὼ
770 3877 818 3947 γὰρ
832 3884 905 3931 τοῦτο
919 3872 965 3931 οὐκ
978 3876 1048 3946 ᾡμην
1062 3878 1098 3929 διδ
1086 3877 1174 3929 δακτδν
1189 3874 1277 3931 εἶναι...
1293 3875 1376 3946 μηδἐ
1366 3901 1400 3934 on
1407 3875 1515 3951 'diripio

397 3967 453 4075 mg
465 3945 859 4086 τλαδρῐῗῖκδδέἶιτῗῖλὲλῖ,θρ15πο5ς’
837 4018 878 4074 ἐὰν
893 4023 919 4074 δέ
935 4042 969 4080 τις
985 4022 1131 4106 βούληταιῆ
1150 4018 1222 4081 αὐτὸς
1239 4026 1359 4090 μαθεῖν
1337 4045 1365 4076 το
1382 4028 1483 4089 δίκαιον,
1498 4028 1514 4091 ἢ

397 4096 450 4148 διδν
465 4093 481 4158 ἢ
498 4088 593 4156 οἰκέτην
610 4093 760 4154 διδάξασθαι,
775 4113 808 4158 μη
795 4088 907 4145 ειδέναι
922 4091 979 4144 ὅποι
995 4090 1023 4143 ἂν
1039 4087 1092 4144 tlt
1067 4096 1114 4144 ων
1126 4093 1197 4158 τνχοι
1211 4094 1355 4145 τούτου.-
1325 4095 1408 4146 -.Cf
1429 4096 1514 4156 Plato,

398 4162 566 4225 Menofflld,
581 4177 606 4224 e,
621 4161 695 4223 9501,
712 4161 787 4217 tud
880 4177 884 4185 '

428 4235 453 4286 l.
469 4234 561 4295 Grote,
577 4200 649 4284 lt’taa
663 4247 785 4298 praeque,
799 4237 818 4284 t.
831 4234 876 4296 IX,
892 4235 936 4286 ch.
949 4247 978 4296 v,
993 4247 1022 4299 p.
1039 4231 1181 4298 wildred.
1195 4233 1354 4302 lranpaise)

428 4305 456 4357 5.
473 4305 599 4368 Pretap„
614 4303 703 4356 tlte.
721 4301 884 4371 Σοφιστὴν...
903 4309 987 4373 ὥσπερ
1001 4306 1110 4370 τοῦνομα
1125 4305 1198 4371 λέγει,
1216 4308 1258 4358 τδν
1275 4315 1323 4358 τῶν
1341 4316 1425 4374 σοφῶν
1441 4304 1512 4360 ἔπιο-

398 4376 531 4446 τῆμονα...
548 4403 578 4412 -
593 4372 678 4425 317t.
694 4377 744 4427 Καὶ
759 4379 874 4442 ὁμολογῶ
890 4396 917 4428 τι
933 4372 1050 4443 σοφιστὴς
1065 4373 1180 4426 εἶναιλ
1139 4394 1172 4427 κα
1170 4377 1315 4430 λπαιδὲιιειν
1330 4378 1479 4448 ἅνθρωπους.
