3544 5468
390 655 431 716 22
825 669 873 722 DE
894 669 1077 724 PLATONIS

392 791 482 854 iniis
505 789 655 856 omnibns
677 789 753 854 insit
776 790 863 870 quod
883 789 990 870 ipsum
1009 807 1068 871 per
1096 807 1132 856 se
1145 790 1299 856 virtutem
1326 792 1499 861 constituet

432 907 472 972 11.
496 909 576 984 Qua
595 923 672 974 vero
695 923 735 972 ea
758 906 897 970 conditio
920 907 964 971 nit
987 924 1061 988 quae
1083 907 1235 972 virtutem
1257 925 1317 974 sua
1339 909 1514 990 presentie

392 1029 511 1111 pigna,
527 1024 672 1088 absentia
689 1023 791 1102 tollat,
807 1024 958 1088 Socrates
975 1025 1175 1104 apertissime
1195 1025 1348 1106 exponit:
1365 1027 1511 1094 eamdem

392 1143 480 1208 enim
493 1158 565 1206 esse
578 1142 733 1204 virtutem
748 1143 780 1202 et
794 1140 972 1220 scientiam,
988 1141 1136 1206 eamdem
1149 1139 1302 1208 malitiam
1317 1145 1350 1204 et
1362 1140 1513 1222 ignoren-

393 1262 471 1324 tiam
496 1259 649 1324 contiuuo
674 1258 871 1340 proclamem
893 1275 1001 1339 neque
1023 1261 1065 1323 de
1087 1258 1142 1323 iila
1164 1278 1201 1325 re
1226 1253 1329 1342 magis
1352 1278 1449 1342 quam
1475 1261 1516 1325 de

349 1395 354 1406 ·
394 1376 511 1442 ceteris
532 1377 638 1458 opinio
663 1377 733 1455 ejus
753 1377 949 1440 immutatur.
967 1376 1060 1452 Quod
1081 1393 1182 1458 quum
1201 1378 1312 1444 multis
1330 1395 1397 1444 non
1410 1378 1516 1446 auium

394 1495 535 1562 Platonis
551 1493 576 1572 ¹,
591 1493 649 1558 sed
663 1493 760 1557 etiam
773 1493 995 1573 Xenophontis
1014 1493 1025 1528 ²
1041 1493 1288 1576 aristotelisque
1302 1495 1313 1532 ⁸
1328 1494 1519 1558 testimoniis

396 1612 605 1693 approbetur,
630 1615 809 1694 agnoscunt
833 1626 947 1676 omnes
975 1617 1246 1676 commentatores
1273 1619 1343 1677 ium
1370 1617 1516 1678 vetorum

396 1737 580 1810 temporum
595 1727 607 1762 Ι
620 1733 690 1790 tum
704 1726 920 1790 recentiorum
934 1727 957 1790 Ι.

438 1846 593 1912 Eamdem
619 1845 715 1926 igitur
742 1844 920 1908 doctrinam
941 1845 975 1908 in
998 1845 1181 1926 Protopora
1205 1843 1404 1926 propositam
1425 1843 1519 1910 inre·

400 1964 519 2028 nimus.
540 1962 587 2026 Ac
602 1979 643 2026 ne
657 1961 733 2040 quid
751 1961 866 2026 incerti
879 1969 935 2027 aut
948 1961 1031 2026 male
1052 1961 1172 2026 definiti
1192 1962 1332 2026 Socratis
1352 1963 1522 2028 sententie

398 2083 505 2146 inesse
528 2080 784 2160 suspicaremur,
809 2079 953 2142 omnium
977 2097 1017 2142 ex
1042 2080 1154 2146 ordine
1180 2080 1336 2144 virtutum
1365 2079 1462 2144 claris
1489 2085 1524 2142 et

402 2197 529 2279 liquidis
549 2196 657 2260 verbis
675 2194 894 2259 definitionem
914 2196 1051 2277 scriptor
1072 2197 1188 2261 attulit.
1203 2195 1261 2259 ille
1280 2197 1412 2259 demum
1430 2195 1524 2260 iortis

399 2322 451 2379 est
466 2313 521 2396 qui
535 2318 567 2375 et
581 2311 828 2375 metuendorum
846 2319 879 2376 et
897 2330 964 2376 non
982 2313 1228 2376 metuendorum
1248 2313 1416 2376 scientiam
1441 2329 1521 2391 pos-

400 2435 483 2498 sidet
497 2431 527 2513 (χὴ
541 2428 618 2514 σοφία
633 2421 682 2512 ἆρα
697 2433 749 2490 τῶν
764 2430 852 2492 δεινῶν
867 2429 913 2490 καί
931 2454 970 2509 μη
991 2431 1081 2490 δεινῶν
1100 2428 1205 2513 ἀνδρεία
1220 2428 1277 2490 ἐστί
1291 2427 1333 2509 ὓ);
1347 2429 1402 2492 ille
1416 2435 1524 2493 attium

400 2560 534 2636 ignavus
558 2546 614 2626 qui
627 2528 785 2626 ¹quaenam
806 2546 981 2609 metuenda
999 2562 1150 2627 quaenam
1174 2562 1241 2609 non
1263 2545 1441 2610 mutuenda
1460 2546 1525 2609 sint

430 2775 456 2827 1.
474 2775 560 2836 Plato,
575 2771 705 2837 Ruinam..
723 2769 770 2822 292
786 2770 814 2820 θ.
838 2769 943 2837 Ἀγαθὸν
963 2770 989 2824 at
1005 2771 1035 2836 γέ
1045 2790 1095 2824 που
1109 2767 1307 2838 ὡμολογήσαμεν
1326 2765 1441 2834 ἀλλήλοις
1455 2765 1524 2824 oddar

401 2849 462 2901 dito
478 2845 537 2898 εἶναι
551 2845 562 2866 “
551 2840 717 2909 ηέπιστήμην
730 2843 796 2893 τινά
813 2868 843 2878 -
857 2839 966 2900 Laches,
982 2840 1027 2891 191
1042 2843 1072 2892 d.

431 2914 792 3038 2.ΧΘἸΙορ110.,ΙἙσπι.,,ΙΙΙ
809 2926 849 2976 lx,
865 2915 893 2965 4.
910 2916 1003 2982 Σοφίαν
1018 2916 1044 2968 δὲ
1058 2916 1100 2967 καὶ
1114 2915 1277 2983 σωφροσύνην
1291 2911 1320 2967 οὗ
1335 2917 1472 2983 διώριζεν...
1485 2911 1524 2963 Cf.

400 2992 446 3053 ΙΙΙ,
461 2990 526 3053 1‚t;
542 2988 590 3050 ΙΙΙ,
606 3001 645 3048 1v‚

431 3030 456 3113 3.
472 3029 565 3122 'Arisi.,
581 3026 672 3109 braic.
686 3057 801 3120 Nicom..
817 3058 860 3120 VI,
873 3070 938 3120 xlii,
951 3058 1048 3109 11111).
1065 3059 1157 3146 Διοπερ
1169 3059 1230 3118 τινές
1244 3078 1303 3142 φασι
1317 3059 1400 3118 πασας
1414 3077 1456 3116 τας
1472 3076 1526 3124 αρε

401 3134 444 3192 τὰς
462 3130 589 3200 φρονήσεις
609 3129 678 3192 εἶναι,
696 3149 738 3181 και
755 3096 934 3218 Σωκράτης
907 3149 936 3220 τῃ
955 3129 997 3197 μὲν
1015 3127 1092 3198 ὀρθῶς
1109 3128 1241 3194 sivissem
1228 3124 1446 3207 δημάρτανεν...
1451 3127 1527 3180 ,Σω-

402 3205 494 3273 κράτης
516 3201 603 3268 μὲν
577 3221 619 3254 ουν
638 3201 767 3268 λόγους
744 3221 787 3260 τας
805 3198 946 3272 ἀρετὰς
913 3204 974 3256 ὀίετο
993 3201 1052 3253 εἶναι
1070 3189 1259 3292 (ἐπιστήμας
1234 3221 1282 3269 γαρ
1300 3200 1359 3253 εἶναι
1379 3199 1527 3263 πάσας).-

401 3277 493 3336 Muptt.
510 3273 590 3334 Mor„
607 3273 628 3328 Ι,
647 3285 666 3335 Ι,
684 3272 788 3332 tidie,
807 3273 847 3323 15.
867 3274 950 3342 Σωκρ.
969 3273 1012 3330 τὰς
1035 3269 1122 3340 οἰρετὰς
1140 3270 1276 3338 ἐπιστήμας
1297 3268 1384 3324 ἐποίει.
1405 3271 1448 3322 Cf.
1468 3271 1489 3331 l,
1507 3282 1527 3330 Ι,

404 3346 465 3399 1183
481 3347 504 3408 ir,
521 3345 591 3397 8-
608 3345 669 3395 Etr.
684 3343 767 3405 Eud,
783 3345 804 3404 Ι,
819 3356 847 3406 v,
866 3344 966 3404 tutuo,
982 3344 1010 3394 2
1027 3345 1164 3412 Σωκράτης
1180 3345 1251 3430 μὲν
1239 3365 1252 3396 ο
1270 3341 1442 3411 πρεσὸιίιης’Ι
1422 3362 1470 3394 ωετ
1476 3341 1527 3394 ἐί-

402 3440 440 3472 ναι
457 3419 561 3476 τέλος
538 3437 567 3469 το
583 3421 728 3483 γιγνώσκειν
742 3413 785 3479 τὴν
803 3412 899 3484 ἀρετήν,
915 3417 957 3467 καὶ
973 3413 1081 3480 ἐπεζήτει
1096 3419 1119 3468 τί
1135 3410 1230 3478 ἔστινη
1249 3415 1402 3477 δικαιοσύνη,
1421 3413 1500 3464 καθ’
1477 3433 1527 3476 τιη

406 3488 497 3559 ανθρία,
509 3489 578 3540 καΙ”
566 3508 670 3540 εκαστον
686 3496 734 3540 τῶν
750 3491 840 3555 μορίων
855 3486 937 3551 αοτῆς.
954 3485 1030 3542 ἐποίει
1044 3489 1093 3555 γὰρ
1109 3485 1183 3539 ταῦτ’
1196 3484 1312 3552 {stipor
1329 3483 1467 3551 ἐπιστήμας
1480 3483 1528 3551 γὰρ

404 3561 462 3630 ᾤετ’
482 3561 541 3613 εἶναι
561 3561 644 3618 πάσας
663 3560 707 3618 τὰς
728 3555 823 3627 οἰρὲτοις
848 3557 912 3611 ὥσθ’
929 3558 981 3626 ἅμα
1002 3560 1141 3625 σομὸοἱινειν
1158 3553 1244 3610 εἰδέναι
1267 3577 1293 3610 τε
1311 3553 1355 3621 τὴν
1371 3557 1528 3618 δικαιοσύνην

404 3634 446 3686 καὶ
435 3631 521 3684 tetra
537 3634 643 3682 δίκαιον.

435 3703 462 3754 t.
479 3702 584 3762 Cicero,
599 3700 640 3750 De
656 3705 735 3761 oret,
752 3700 787 3760 ΙΙ,
800 3699 840 3762 ΙΙ,
854 3700 910 3752 101.
924 3699 1004 3761 Nam,
1016 3702 1048 3750 ut
1065 3699 1208 3750 Socratem
1224 3699 1303 3749 illurn
1320 3698 1434 3750 solitum
1451 3697 1530 3748 aiunt

407 3776 510 3834 dicere,
528 3772 681 3836 perrectum
698 3738 750 3822 sit’ri
767 3785 837 3836 opus
858 3785 932 3832 esse,
954 3771 979 3820 si
996 3738 1060 3835 uuis
1079 3770 1149 3820 satis
1166 3773 1243 3820 esset
1259 3770 1415 3821 concitatus
1430 3768 1529 3819 cohor-

405 3847 512 3898 tatione
528 3858 580 3894 sua
599 3845 633 3894 ad
654 3844 779 3894 studium
800 3844 1002 3907 cognoscendae
1024 3837 1266 3906 percipienoaeq'ue
1287 3842 1398 3891 uirtutis
1418 3839 1529 3906 (quibus

404 3919 478 3968 enim
495 3917 522 3967 id
542 3928 708 3980 persuasum
723 3919 806 3974 esset,
825 3921 857 3965 ut
874 3915 943 3964 nihil
964 3915 1078 3964 mallent
1095 3927 1160 3963 esse
1177 3927 1218 3975 se,
1237 3927 1320 3976 quam
1339 3913 1428 3963 bonos
1443 3914 1528 3971 viros,

360 3991 365 3997 '
402 3990 585 4052 iisretiquam
602 3985 710 4036 tacitam
727 3999 792 4036 esse
809 3987 982 4045 doctrinam)
998 3985 1074 4046 ΙΙΙοη,
1093 3983 1184 4033 Loart.
1203 3984 1226 4047 (ὁ
1232 3983 1389 4072 Σωκράτης)
1404 3985 1472 4048 ἔλεγε
1487 3949 1544 4034 καθ’

403 4061 428 4112 ἓν
442 4062 513 4127 μόνον
530 4055 655 4125 ἀγαθὸν
634 4077 702 4120 ειναι,
718 4053 761 4121 τὴν
774 4054 918 4122 ἐπιστημην,
931 4058 973 4108 καὶ
987 4059 1011 4108 ἓν
1026 4056 1099 4121 μόνον
1116 4056 1202 4115 κακόν,
1215 4051 1258 4118 τὴν
1274 4050 1339 4119 οἰμαθ
1342 4057 1389 4106 ίαν.
1407 4054 1440 4113 ΙΙ,
1450 4053 1476 4107 5.
1488 4051 1528 4102 31.

434 4131 458 4181 5.
475 4131 569 4191 Zeiler,
584 4129 635 4177 Die
649 4127 815 4191 philosophie
831 4129 878 4176 der
893 4127 1032 4187 Gracchum
1048 4131 1068 4175 t
1087 4125 1120 4186 ΙΙ,
1137 4141 1163 4188 p.
1181 4125 1226 4175 159
1240 4123 1315 4189 (130)
1332 4126 1379 4174 Bei
1397 4123 1529 4174 Sokratus

387 4205 506 4267 -perade
527 4204 571 4252 die
592 4201 774 4252 Erkenntniss
792 4201 841 4250 der
859 4200 984 4251 Warheit
1004 4201 1053 4250 der
1072 4199 1156 4249 letzte
1179 4199 1274 4248 zweck
1294 4198 1340 4259 ist,
1356 4197 1441 4247 und'
1434 4209 1464 4246 rn
1486 4195 1530 4246 ihr

404 4279 462 4324 erst
481 4273 524 4322 ‹tie
545 4273 630 4323 Norm
651 4272 695 4322 i'dr
715 4271 766 4321 das
786 4270 932 4321 Verhalten
953 4272 1002 4322 der
1023 4269 1173 4322 Eiuzeinen
1192 4269 1324 4333 peiundet
1347 4268 1476 4319 wird—
1490 4265 1529 4316 Cf.

433 4414 458 4467 6.
473 4415 594 4478 Protea,
607 4412 655 4466 360
667 4413 694 4464 d.
711 4412 750 4466 (ΙΙ.
764 4412 877 4476 taeter,
890 4410 946 4463 193.
