3544 5468
711 697 937 750 rauranum
1347 687 1388 750 25

261 833 349 882 mus.
364 817 472 880 itnimi
484 817 582 880 ctiam
600 817 649 880 vis
665 821 910 898 constantiaque
922 818 1077 896 ambigua
1084 818 1264 902 (ἀμφίλογος)
1279 839 1385 902 noque

263 935 335 1015 ipsa
347 952 406 1015 per
420 949 467 1014 sc,
482 936 541 998 sad
552 951 656 1014 quum
668 935 827 998 rationem
841 936 958 998 ducam
970 936 1126 1015 sequitur,
1142 936 1228 998 bona
1242 945 1307 1002 cat..

306 1053 512 1116 Considerata
538 1070 634 1131 porro
672 1068 732 1115 our
762 1053 913 1114 virtutem
938 1052 1088 1116 Socrates
1116 1054 1285 1116 colendam
1311 1072 1385 1119 asse

260 1169 352 1232 dicat
368 1188 375 1231 :
392 1172 456 1232 hoo
475 1187 587 1246 unum,
603 1170 718 1248 inquit,
733 1169 871 1230 hominis
888 1177 1013 1231 naturae
1030 1169 1226 1234 convenicus
1246 1178 1307 1248 ast,
1322 1172 1386 1235 hoo

266 1303 327 1349 nos
339 1287 420 1349 ratio
431 1287 541 1349 iacere
552 1283 656 1368 jubat,
670 1286 733 1348 hoc
749 1301 851 1348 uuum
864 1287 995 1364 proban
1008 1286 1062 1365 qui
1076 1293 1186 1349 autam
1199 1287 1385 1353 libidinibus

266 1401 400 1464 inservit
410 1409 537 1481 peccat,
551 1401 640 1481 quod
651 1408 765 1464 contra
778 1402 935 1464 rationem
945 1408 982 1464 ct
995 1402 1196 1466 dialecticam
1206 1403 1314 1467 ·iacit¹.

305 1519 429 1595 iustus,
448 1526 485 1580 nt
503 1518 547 1580 ait
565 1517 726 1595 Socratas,
746 1519 801 1581 illo
818 1526 868 1580 est
889 1519 945 1598 qaa'
963 1535 1096 1582 suorum
1111 1520 1319 1600 ciuiumjnra
1331 1539 1384 1586 re·-

262 1634 379 1713 tigiosa
400 1635 573 1712 observat,
592 1636 668 1713 pius
689 1635 752 1714 qui
777 1635 912 1697 duorum
935 1635 1062 1698 cultum
1091 1637 1270 1700 secundum
1297 1639 1386 1719 legas

267 1753 468 1815 administrat
477 1751 502 1812 ².
518 1752 678 1826 Quantam
691 1751 756 1813 vim
769 1751 831 1815 ista
843 1752 942 1814 verba
954 1751 1113 1815 haberent
1127 1755 1282 1835 perpauci
1292 1755 1387 1818 intol-

267 1869 384 1932 lcxiasc
395 1868 557 1931 uidentur.
573 1867 645 1930 Non
659 1867 746 1930 anim
760 1867 801 1930 de
814 1868 963 1930 humanis
971 1874 1102 1931 tantum
1115 1869 1240 1950 legibus
1251 1872 1358 1952 agitur
1373 1888 1383 1935 ε

268 1987 464 2049 muitacnim
473 1985 637 2048 interiiias
649 1985 835 2047 discrimina
843 1985 1246 2065 perspiciuntur3plurima
1254 1989 1385 2052 illarum

268 2109 301 2166 at
321 2103 510 2182 gravissima
527 2102 601 2164 vitia
617 2109 740 2180 praesto
758 2108 846 2164 aunt.
862 2102 944 2164 Aiiae
960 2108 1068 2165 autom
1080 2120 1169 2166 varta
1183 2111 1216 2167 et
1234 2106 1386 2184 paricotae

268 2220 357 2299 lagon
380 2225 456 2282 sunt
475 2237 572 2298 quas,
591 2236 692 2298 quum
715 2236 876 2300 nusquam
899 2219 1115 2282 inscribantur
1138 2219 1263 2306 (ἄγραφοι
1283 2223 1386 2303 νόμοι),

268 2337 395 2398 animus
408 2343 520 2398 tamen
536 2335 691 2414 sapientis
706 2336 767 2398 uiri
786 2335 937 2398 distincta
949 2336 1090 2415 concipit
1102 2343 1137 2399 ct
1149 2337 1210 2400 sibi
1223 2355 1282 2418 pro
1297 2339 1387 2402 duui-

268 2454 331 2515 bus
344 2454 479 2514 aesumit
494 2469 502 2513 :
518 2468 593 2532 quae
608 2451 723 2515 uadem
737 2452 887 2515 omnibus
901 2452 1006 2514 officia
1019 2453 1200 2533 injungunt.

308 2570 346 2631 in
360 2575 503 2632 mentam
515 2569 610 2631 nobis
625 2569 756 2632 vannat
770 2579 845 2648 quae
858 2569 892 2630 in
908 2568 1030 2648 Gorqta
1043 2576 1110 2631 tam
1123 2572 1261 2634 dilucide
1274 2574 1386 2654 dispu-

269 2693 388 2750 tantur.
404 2687 487 2749 Sunt
500 2687 556 2764 qui
564 2684 666 2748 aliam
679 2692 840 2762 naturam,
854 2687 951 2748 aliam
964 2687 1068 2767 tagam
1081 2705 1155 2750 esse
1170 2689 1294 2768 dicant3
1314 2708 1387 2754 cam

270 2805 454 2884 opinionem
472 2804 631 2883 Sophistae
650 2802 851 2866 defendunt:
868 2804 985 2883 quibus
1003 2805 1225 2870 strenuissima
1239 2809 1388 2876 socratas

270 2919 457 2984 adversatur
473 2917 485 2950 ²
500 2932 607 2996 neque
623 2916 798 2995 quidquam
819 2917 882 2978 nisi
907 2924 1038 2995 natura,
1058 2917 1091 2978 id
1114 2924 1165 2982 eat
1186 2937 1226 2982 ex
1243 2924 1386 3000 rationo,

266 3036 391 3114 justum
404 3049 477 3096 oasa
490 3032 594 3096 dccet
612 3033 730 3112 Legem
743 3033 831 3094 enim
846 3033 916 3110 ejus
930 3033 1017 3112 quod
1029 3033 1072 3095 sit
1084 3033 1303 3100 invenuonom
1316 3056 1389 3104 case

271 3152 452 3214 definiendo
476 3148 646 3229 explicat⁴.
670 3149 769 3211 Valde
795 3149 892 3228 igitur
914 3155 1048 3228 accepta
1073 3150 1118 3210 iiii
1140 3151 1253 3215 tuiaeat
1274 3155 1390 3218 hacca

271 3268 481 3332 celeberrimo
492 3266 668 3346 superioris
682 3266 794 3328 saecuii
808 3265 999 3344 philosopho
1011 3266 1105 3328 allata
1115 3266 1255 3332 definitio
1267 3287 1275 3332 τ
1288 3272 1389 3350 [agas

272 3403 327 3449 aas
351 3402 432 3448 voco
451 3400 530 3464 quae
556 3400 597 3448 ax
621 3398 733 3446 rerum
757 3389 874 3446 natura
894 3388 928 3444 at
955 3383 1181 3463 coniunctione
1204 3390 1389 3454 necessario

272 3503 433 3574 manant⁵.

311 3621 404 3684 Nunc
414 3627 523 3684 autem
536 3635 596 3682 our
609 3635 648 3680 oa
660 3617 797 3696 pulchra
810 3634 883 3680 oasa
895 3617 1021 3680 dictitat
1030 3635 1104 3696 quae
1118 3619 1205 3682 bona
1215 3622 1279 3686 sint
1290 3641 1388 3706 appa·-

272 3747 343 3804 rot:
359 3737 572 3802 eadem-anim
586 3753 700 3799 norma
713 3735 813 3798 utitur
826 3736 955 3816 quotics
968 3735 1009 3798 de
1025 3735 1144 3802 decore
1157 3739 1273 3820 agitur,
1281 3759 1390 3822 -eaquo

272 3862 397 3919 tantum
413 3855 554 3919 formosa
573 3869 645 3915 esse
664 3852 855 3932 pronunciat
870 3870 945 3933 quaa
964 3853 1074 3931 rauna,
1090 3856 1248 3934 personis,
1262 3864 1390 3938 tempo·

303 4085 328 4136 1.
344 4085 428 4150 Plato,
444 4085 569 4148 (torum
585 4094 657 4144 unu,
673 4093 756 4145 nxm,
772 4083 820 4136 506
835 4099 850 4134 c
863 4109 895 4122 ·-
906 4083 955 4136 5⁰8
969 4100 994 4136 c.

302 4159 328 4208 2.
345 4157 429 4219 itan„
443 4157 541 4219 iiam,
557 4155 601 4214 lv,
616 4167 654 4219 iv,
670 4155 701 4206 rt
715 4169 761 4219 aq
777 4155 821 4216 ⁴(ii.
835 4155 879 4218 tv,
893 4167 934 4218 in,
948 4155 1143 4219 6;1v,111,1u

302 4228 329 4280 3.
345 4229 431 4288 Plato,
446 4227 570 4290 Garoias,
584 4226 631 4277 482
643 4242 670 4279 e.

303 4299 328 4350 4.
342 4300 428 4362 Puto,
443 4299 543 4392 isiaca,
555 4297 604 4350 317
619 4298 648 4350 d.
667 4298 762 4367 Ὀρθῶς
775 4297 820 4366 ἄρ’
835 4295 1033 4366 ὡμολογήσαμεν
1046 4299 1122 4364 νόμον
1135 4298 1196 4351 εἶναι
1207 4307 1253 4352 τοῦ
1269 4299 1391 4359 ὄνταὼ-

274 4390 547 4507 “dirimi
564 4441 660 4506 namu
672 4441 718 4492 uu
734 4442 793 4503 uis,
810 4442 856 4493 nv.
874 4442 896 4504 1,
912 4443 958 4493 cu.
980 4455 1002 4494 1.

1605 4294 1622 4381 :i
