<?xml version="1.0" encoding="UTF-8"?>
<!DOCTYPE html PUBLIC "-//W3C//DTD XHTML 1.0 Transitional//EN"
    "http://www.w3.org/TR/xhtml1/DTD/xhtml1-transitional.dtd">
<html xmlns="http://www.w3.org/1999/xhtml" xml:lang="en" lang="en">
 <head>
  <title>
</title>
<meta http-equiv="Content-Type" content="text/html;charset=utf-8" />
  <meta name='ocr-system' content='tesseract 3.04.00' />
  <meta name='ocr-capabilities' content='ocr_page ocr_carea ocr_par ocr_line ocrx_word'/>
</head>
<body>
  <div class='ocr_page' id='page_1' title='image "./platonisprotago00joyagoog_0063.png"; bbox 0 0 3544 5468; ppageno 0'>
   <div class='ocr_carea' id='block_1_1' title="bbox 431 627 1117 693">
    <p class='ocr_par' dir='ltr' id='par_1_1' title="bbox 431 627 1117 693">
     <span class='ocr_line' id='line_1_1' title="bbox 431 627 1117 693; baseline 0.004 -3"><span class='ocrx_word' id='word_1_1' title='bbox 431 627 471 690; x_wconf 85' lang='lat'><strong>50</strong></span> <span class='ocrx_word' id='word_1_2' title='bbox 864 641 913 692; x_wconf 84' lang='lat' dir='ltr'><strong>nu</strong></span> <span class='ocrx_word' id='word_1_3' title='bbox 935 641 1117 693; x_wconf 81' lang='lat' dir='ltr'><strong>ruaronrs</strong></span> 
     </span>
    </p>
   </div>
   <div class='ocr_carea' id='block_1_2' title="bbox 428 760 1584 4232">
    <p class='ocr_par' dir='ltr' id='par_1_2' title="bbox 432 760 1550 1412">
     <span class='ocr_line' id='line_1_2' title="bbox 474 760 1546 842; baseline 0.003 -18"><span class='ocrx_word' id='word_1_4' title='bbox 474 762 623 826; x_wconf 87' lang='lat' dir='ltr'><strong>Ceterum</strong></span> <span class='ocrx_word' id='word_1_5' title='bbox 641 777 738 842; x_wconf 85' lang='lat' dir='ltr'><strong>quam</strong></span> <span class='ocrx_word' id='word_1_6' title='bbox 758 760 835 822; x_wconf 89' lang='lat' dir='ltr'><strong>boui</strong></span> <span class='ocrx_word' id='word_1_7' title='bbox 854 760 1070 824; x_wconf 86' lang='lat' dir='ltr'><strong>definitionem</strong></span> <span class='ocrx_word' id='word_1_8' title='bbox 1089 761 1289 824; x_wconf 79' lang='lat' dir='ltr'><strong>attulerimus</strong></span> <span class='ocrx_word' id='word_1_9' title='bbox 1306 762 1516 827; x_wconf 81' lang='lat' dir='ltr'><strong>recordemur</strong></span> <span class='ocrx_word' id='word_1_10' title='bbox 1538 782 1546 827; x_wconf 93' lang='lat'>:</span> 
     </span>
     <span class='ocr_line' id='line_1_3' title="bbox 432 877 1548 960; baseline 0 -19"><span class='ocrx_word' id='word_1_11' title='bbox 432 879 681 959; x_wconf 77' lang='lat' dir='ltr'><strong>haudquaquam</strong></span> <span class='ocrx_word' id='word_1_12' title='bbox 703 877 900 956; x_wconf 81' lang='lat' dir='ltr'><strong>implicatum</strong></span> <span class='ocrx_word' id='word_1_13' title='bbox 918 885 975 939; x_wconf 89' lang='lat' dir='ltr'><strong>aut</strong></span> <span class='ocrx_word' id='word_1_14' title='bbox 993 883 1151 958; x_wconf 88' lang='lat' dir='ltr'><strong>ooneeptu</strong></span> <span class='ocrx_word' id='word_1_15' title='bbox 1171 878 1314 956; x_wconf 80' lang='lat' dir='ltr'><strong>difficile,</strong></span> <span class='ocrx_word' id='word_1_16' title='bbox 1335 879 1393 942; x_wconf 92' lang='lat' dir='ltr'><strong>sed</strong></span> <span class='ocrx_word' id='word_1_17' title='bbox 1415 879 1548 960; x_wconf 84' lang='lat' dir='ltr'><strong>simplex</strong></span> 
     </span>
     <span class='ocr_line' id='line_1_4' title="bbox 433 985 1549 1078; baseline 0 -18"><span class='ocrx_word' id='word_1_18' title='bbox 433 1004 466 1060; x_wconf 88' lang='lat' dir='ltr'><strong>et</strong></span> <span class='ocrx_word' id='word_1_19' title='bbox 479 997 609 1060; x_wconf 90' lang='lat' dir='ltr'><strong>obvium</strong></span> <span class='ocrx_word' id='word_1_20' title='bbox 628 1004 661 1059; x_wconf 87' lang='lat' dir='ltr'><strong>et</strong></span> <span class='ocrx_word' id='word_1_21' title='bbox 678 995 793 1058; x_wconf 89' lang='lat' dir='ltr'><strong>rationi</strong></span> <span class='ocrx_word' id='word_1_22' title='bbox 811 996 940 1058; x_wconf 91' lang='lat' dir='ltr'><strong>omnino</strong></span> <span class='ocrx_word' id='word_1_23' title='bbox 959 1003 1199 1059; x_wconf 79' lang='lat' dir='ltr'><strong>consentaneun</strong></span> <span class='ocrx_word' id='word_1_24' title='bbox 1218 997 1297 1059; x_wconf 91' lang='lat' dir='ltr'><strong>illud</strong></span> <span class='ocrx_word' id='word_1_25' title='bbox 1313 985 1385 1060; x_wconf 81' lang='lat' dir='ltr'><strong>e&#39;sse</strong></span> <span class='ocrx_word' id='word_1_26' title='bbox 1400 999 1549 1078; x_wconf 82' lang='lat' dir='ltr'><strong>exposui-</strong></span> 
     </span>
     <span class='ocr_line' id='line_1_5' title="bbox 433 1111 1549 1194; baseline 0.001 -17"><span class='ocrx_word' id='word_1_27' title='bbox 433 1131 517 1178; x_wconf 87' lang='lat' dir='ltr'><strong>mua.</strong></span> <span class='ocrx_word' id='word_1_28' title='bbox 532 1113 593 1176; x_wconf 89' lang='lat' dir='ltr'><strong>Ubi</strong></span> <span class='ocrx_word' id='word_1_29' title='bbox 607 1129 684 1193; x_wconf 79' lang='lat' dir='ltr'><strong>ergo</strong></span> <span class='ocrx_word' id='word_1_30' title='bbox 698 1111 775 1174; x_wconf 90' lang='lat' dir='ltr'>nihil</span> <span class='ocrx_word' id='word_1_31' title='bbox 788 1129 848 1175; x_wconf 88' lang='lat' dir='ltr'><strong>nos</strong></span> <span class='ocrx_word' id='word_1_32' title='bbox 862 1112 983 1176; x_wconf 83' lang='lat' dir='ltr'>detinet</span> <span class='ocrx_word' id='word_1_33' title='bbox 997 1119 1029 1176; x_wconf 89' lang='lat' dir='ltr'><strong>et</strong></span> <span class='ocrx_word' id='word_1_34' title='bbox 1044 1114 1241 1194; x_wconf 79' lang='lat' dir='ltr'>constringit,</span> <span class='ocrx_word' id='word_1_35' title='bbox 1257 1114 1328 1193; x_wconf 88' lang='lat' dir='ltr'><strong>ipsa</strong></span> <span class='ocrx_word' id='word_1_36' title='bbox 1342 1115 1459 1178; x_wconf 91' lang='lat' dir='ltr'><strong>mentis</strong></span> <span class='ocrx_word' id='word_1_37' title='bbox 1475 1132 1549 1178; x_wconf 88' lang='lat' dir='ltr'><strong>nos-</strong></span> 
     </span>
     <span class='ocr_line' id='line_1_6' title="bbox 432 1229 1550 1310; baseline 0.001 -16"><span class='ocrx_word' id='word_1_38' title='bbox 432 1238 492 1294; x_wconf 91' lang='lat' dir='ltr'><strong>trae</strong></span> <span class='ocrx_word' id='word_1_39' title='bbox 510 1235 675 1294; x_wconf 86' lang='lat' dir='ltr'><strong>naturast</strong></span> <span class='ocrx_word' id='word_1_40' title='bbox 695 1230 728 1292; x_wconf 88' lang='lat' dir='ltr'><strong>vi</strong></span> <span class='ocrx_word' id='word_1_41' title='bbox 746 1229 787 1292; x_wconf 92' lang='lat' dir='ltr'><strong>ad</strong></span> <span class='ocrx_word' id='word_1_42' title='bbox 803 1229 883 1292; x_wconf 92' lang='lat' dir='ltr'><strong>illud</strong></span> <span class='ocrx_word' id='word_1_43' title='bbox 905 1229 1089 1293; x_wconf 81' lang='lat' dir='ltr'><strong>accedimus</strong></span> <span class='ocrx_word' id='word_1_44' title='bbox 1113 1231 1199 1310; x_wconf 93' lang='lat' dir='ltr'><strong>quod</strong></span> <span class='ocrx_word' id='word_1_45' title='bbox 1223 1230 1426 1295; x_wconf 88' lang='lat' dir='ltr'><strong>dialeetioum</strong></span> <span class='ocrx_word' id='word_1_46' title='bbox 1450 1239 1500 1296; x_wconf 93' lang='lat' dir='ltr'><strong>est</strong></span> <span class='ocrx_word' id='word_1_47' title='bbox 1517 1238 1550 1296; x_wconf 89' lang='lat' dir='ltr'><strong>et</strong></span> 
     </span>
     <span class='ocr_line' id='line_1_7' title="bbox 432 1349 566 1412; baseline -0.022 0"><span class='ocrx_word' id='word_1_48' title='bbox 432 1349 566 1412; x_wconf 92' lang='lat' dir='ltr'><strong>bonum.</strong></span> 
     </span>
    </p>

    <p class='ocr_par' dir='ltr' id='par_1_3' title="bbox 428 1464 1552 2465">
     <span class='ocr_line' id='line_1_8' title="bbox 472 1464 1550 1544; baseline 0.002 -16"><span class='ocrx_word' id='word_1_49' title='bbox 472 1467 647 1544; x_wconf 82' lang='lat' dir='ltr'>Propterea</span> <span class='ocrx_word' id='word_1_50' title='bbox 660 1480 758 1544; x_wconf 90' lang='lat' dir='ltr'><strong>quam</strong></span> <span class='ocrx_word' id='word_1_51' title='bbox 774 1464 960 1526; x_wconf 85' lang='lat' dir='ltr'><strong>methodum</strong></span> <span class='ocrx_word' id='word_1_52' title='bbox 976 1465 1017 1527; x_wconf 88' lang='lat' dir='ltr'><strong>ad</strong></span> <span class='ocrx_word' id='word_1_53' title='bbox 1037 1464 1217 1527; x_wconf 82' lang='lat' dir='ltr'><strong>docendam</strong></span> <span class='ocrx_word' id='word_1_54' title='bbox 1232 1466 1382 1528; x_wconf 89' lang='lat' dir='ltr'><strong>virtutem</strong></span> <span class='ocrx_word' id='word_1_55' title='bbox 1398 1466 1550 1531; x_wconf 89' lang='lat' dir='ltr'><strong>adhibere</strong></span> 
     </span>
     <span class='ocr_line' id='line_1_9' title="bbox 434 1581 1548 1662; baseline 0.001 -17"><span class='ocrx_word' id='word_1_56' title='bbox 434 1582 609 1646; x_wconf 84' lang='lat' dir='ltr'><strong>debeamus</strong></span> <span class='ocrx_word' id='word_1_57' title='bbox 629 1587 774 1661; x_wconf 87' lang='lat' dir='ltr'><strong>apparet.</strong></span> <span class='ocrx_word' id='word_1_58' title='bbox 790 1581 1010 1643; x_wconf 70' lang='lat' dir='ltr'><strong>adolescentis</strong></span> <span class='ocrx_word' id='word_1_59' title='bbox 1032 1587 1173 1643; x_wconf 89' lang='lat' dir='ltr'><strong>mentem</strong></span> <span class='ocrx_word' id='word_1_60' title='bbox 1193 1582 1356 1644; x_wconf 90' lang='lat' dir='ltr'><strong>erroribus</strong></span> <span class='ocrx_word' id='word_1_61' title='bbox 1375 1589 1407 1645; x_wconf 92' lang='lat' dir='ltr'><strong>et</strong></span> <span class='ocrx_word' id='word_1_62' title='bbox 1428 1584 1548 1662; x_wconf 85' lang='lat' dir='ltr'><strong>praeju·</strong></span> 
     </span>
     <span class='ocr_line' id='line_1_10' title="bbox 434 1697 1552 1779; baseline 0.002 -17"><span class='ocrx_word' id='word_1_63' title='bbox 434 1699 546 1762; x_wconf 87' lang='lat' dir='ltr'><strong>dioatis</strong></span> <span class='ocrx_word' id='word_1_64' title='bbox 573 1697 776 1776; x_wconf 82' lang='lat' dir='ltr'>opinionibus</span> <span class='ocrx_word' id='word_1_65' title='bbox 798 1697 939 1777; x_wconf 89' lang='lat' dir='ltr'><strong>primum</strong></span> <span class='ocrx_word' id='word_1_66' title='bbox 962 1697 1099 1760; x_wconf 92' lang='lat' dir='ltr'><strong>liberare</strong></span> <span class='ocrx_word' id='word_1_67' title='bbox 1121 1699 1214 1761; x_wconf 84' lang='lat' dir='ltr'><strong>decet</strong></span> <span class='ocrx_word' id='word_1_68' title='bbox 1240 1699 1357 1778; x_wconf 92' lang='lat' dir='ltr'><strong>quibus</strong></span> <span class='ocrx_word' id='word_1_69' title='bbox 1378 1700 1552 1779; x_wconf 89' lang='lat' dir='ltr'><strong>impeditur</strong></span> 
     </span>
     <span class='ocr_line' id='line_1_11' title="bbox 434 1815 1549 1896; baseline -0.001 -16"><span class='ocrx_word' id='word_1_70' title='bbox 434 1823 532 1896; x_wconf 89' lang='lat' dir='ltr'><strong>atque</strong></span> <span class='ocrx_word' id='word_1_71' title='bbox 550 1817 704 1894; x_wconf 78' lang='lat' dir='ltr'><strong>irretitur,</strong></span> <span class='ocrx_word' id='word_1_72' title='bbox 720 1816 836 1880; x_wconf 89' lang='lat' dir='ltr'><strong>deinde</strong></span> <span class='ocrx_word' id='word_1_73' title='bbox 850 1815 948 1877; x_wconf 92' lang='lat' dir='ltr'><strong>animi</strong></span> <span class='ocrx_word' id='word_1_74' title='bbox 961 1816 1181 1880; x_wconf 83' lang='lat' dir='ltr'><strong>strenuitatem</strong></span> <span class='ocrx_word' id='word_1_75' title='bbox 1200 1817 1339 1880; x_wconf 84' lang='lat' dir='ltr'><strong>exaitare</strong></span> <span class='ocrx_word' id='word_1_76' title='bbox 1353 1818 1549 1882; x_wconf 81' lang='lat' dir='ltr'><strong>exercendo-</strong></span> 
     </span>
     <span class='ocr_line' id='line_1_12' title="bbox 434 1930 1551 2016; baseline -0.001 -18"><span class='ocrx_word' id='word_1_77' title='bbox 434 1951 498 2014; x_wconf 89' lang='lat' dir='ltr'><strong>que</strong></span> <span class='ocrx_word' id='word_1_78' title='bbox 521 1930 676 2016; x_wconf 82' lang='lat' dir='ltr'><strong>majorem</strong></span> <span class='ocrx_word' id='word_1_79' title='bbox 694 1932 824 1996; x_wconf 83' lang='lat' dir='ltr'><strong>efficere</strong></span> <span class='ocrx_word' id='word_1_80' title='bbox 845 1938 881 1994; x_wconf 89' lang='lat' dir='ltr'><strong>ut</strong></span> <span class='ocrx_word' id='word_1_81' title='bbox 898 1931 971 2011; x_wconf 88' lang='lat' dir='ltr'><strong>ipsa</strong></span> <span class='ocrx_word' id='word_1_82' title='bbox 987 1932 1123 1996; x_wconf 88' lang='lat' dir='ltr'><strong>taudem·</strong></span> <span class='ocrx_word' id='word_1_83' title='bbox 1135 1933 1310 2012; x_wconf 90' lang='lat' dir='ltr'><strong>disoipulus</strong></span> <span class='ocrx_word' id='word_1_84' title='bbox 1327 1934 1456 2014; x_wconf 88' lang='lat' dir='ltr'><strong>proprio</strong></span> <span class='ocrx_word' id='word_1_85' title='bbox 1478 1935 1551 1998; x_wconf 93' lang='lat' dir='ltr'><strong>uisu</strong></span> 
     </span>
     <span class='ocr_line' id='line_1_13' title="bbox 435 2051 1551 2130; baseline -0.001 -16"><span class='ocrx_word' id='word_1_86' title='bbox 435 2069 471 2114; x_wconf 89' lang='lat' dir='ltr'><strong>se</strong></span> <span class='ocrx_word' id='word_1_87' title='bbox 485 2051 616 2114; x_wconf 87' lang='lat' dir='ltr'><strong>extollat</strong></span> <span class='ocrx_word' id='word_1_88' title='bbox 629 2067 667 2112; x_wconf 89' lang='lat' dir='ltr'><strong>ao</strong></span> <span class='ocrx_word' id='word_1_89' title='bbox 680 2067 794 2112; x_wconf 86' lang='lat' dir='ltr'><strong>verum</strong></span> <span class='ocrx_word' id='word_1_90' title='bbox 812 2051 933 2112; x_wconf 88' lang='lat' dir='ltr'><strong>bonurn</strong></span> <span class='ocrx_word' id='word_1_91' title='bbox 954 2051 1126 2129; x_wconf 88' lang='lat' dir='ltr'><strong>eouoipere</strong></span> <span class='ocrx_word' id='word_1_92' title='bbox 1143 2055 1250 2130; x_wconf 85' lang='lat' dir='ltr'><strong>queat.</strong></span> <span class='ocrx_word' id='word_1_93' title='bbox 1266 2051 1348 2113; x_wconf 91' lang='lat' dir='ltr'><strong>Illud</strong></span> <span class='ocrx_word' id='word_1_94' title='bbox 1366 2051 1472 2130; x_wconf 91' lang='lat' dir='ltr'><strong>ipsum</strong></span> <span class='ocrx_word' id='word_1_95' title='bbox 1489 2052 1551 2114; x_wconf 89' lang='lat' dir='ltr'><strong>sibi</strong></span> 
     </span>
     <span class='ocr_line' id='line_1_14' title="bbox 435 2166 1550 2248; baseline -0.001 -17"><span class='ocrx_word' id='word_1_96' title='bbox 435 2170 584 2231; x_wconf 80' lang='lat' dir='ltr'><strong>Socrates</strong></span> <span class='ocrx_word' id='word_1_97' title='bbox 606 2174 818 2247; x_wconf 86' lang='lat' dir='ltr'><strong>proposuerat</strong></span> <span class='ocrx_word' id='word_1_98' title='bbox 835 2167 996 2247; x_wconf 87' lang='lat' dir='ltr'><strong>variisque</strong></span> <span class='ocrx_word' id='word_1_99' title='bbox 1019 2167 1142 2230; x_wconf 90' lang='lat' dir='ltr'><strong>artibus</strong></span> <span class='ocrx_word' id='word_1_100' title='bbox 1163 2166 1323 2229; x_wconf 82' lang='lat' dir='ltr'><strong>efficiebat</strong></span> <span class='ocrx_word' id='word_1_101' title='bbox 1342 2185 1434 2247; x_wconf 88' lang='lat' dir='ltr'><strong>quas,</strong></span> <span class='ocrx_word' id='word_1_102' title='bbox 1451 2185 1550 2248; x_wconf 89' lang='lat' dir='ltr'><strong>quum</strong></span> 
     </span>
     <span class='ocr_line' id='line_1_15' title="bbox 428 2283 1547 2364; baseline 0.008 -25"><span class='ocrx_word' id='word_1_103' title='bbox 428 2304 455 2348; x_wconf 93' lang='lat' dir='ltr'><strong>.a</strong></span> <span class='ocrx_word' id='word_1_104' title='bbox 476 2284 586 2346; x_wconf 91' lang='lat' dir='ltr'><strong>multis</strong></span> <span class='ocrx_word' id='word_1_105' title='bbox 612 2289 706 2346; x_wconf 87' lang='lat' dir='ltr'><strong>antea</strong></span> <span class='ocrx_word' id='word_1_106' title='bbox 732 2285 842 2346; x_wconf 80' lang='lat' dir='ltr'><strong>relatae</strong></span> <span class='ocrx_word' id='word_1_107' title='bbox 864 2283 1000 2361; x_wconf 81' lang='lat' dir='ltr'><strong>luerint,</strong></span> <span class='ocrx_word' id='word_1_108' title='bbox 1024 2300 1090 2346; x_wconf 91' lang='lat' dir='ltr'><strong>non</strong></span> <span class='ocrx_word' id='word_1_109' title='bbox 1117 2299 1225 2363; x_wconf 90' lang='lat' dir='ltr'><strong>operae</strong></span> <span class='ocrx_word' id='word_1_110' title='bbox 1254 2284 1393 2364; x_wconf 91' lang='lat' dir='ltr'><strong>pretium</strong></span> <span class='ocrx_word' id='word_1_111' title='bbox 1417 2291 1466 2348; x_wconf 92' lang='lat' dir='ltr'><strong>est</strong></span> <span class='ocrx_word' id='word_1_112' title='bbox 1491 2285 1547 2348; x_wconf 91' lang='lat' dir='ltr'><strong>de·</strong></span> 
     </span>
     <span class='ocr_line' id='line_1_16' title="bbox 435 2379 821 2465; baseline 0.003 -2"><span class='ocrx_word' id='word_1_113' title='bbox 435 2401 588 2465; x_wconf 89' lang='lat' dir='ltr'><strong>seribere.</strong></span> <span class='ocrx_word' id='word_1_114' title='bbox 818 2379 821 2389; x_wconf 41' lang='lat'>¹</span> 
     </span>
    </p>

    <p class='ocr_par' dir='ltr' id='par_1_4' title="bbox 435 2516 1584 3865">
     <span class='ocr_line' id='line_1_17' title="bbox 474 2516 1549 2598; baseline 0 -18"><span class='ocrx_word' id='word_1_115' title='bbox 474 2518 559 2580; x_wconf 90' lang='lat' dir='ltr'><strong>Nihil</strong></span> <span class='ocrx_word' id='word_1_116' title='bbox 576 2517 760 2582; x_wconf 89' lang='lat' dir='ltr'><strong>hominibus</strong></span> <span class='ocrx_word' id='word_1_117' title='bbox 775 2533 869 2598; x_wconf 86' lang='lat' dir='ltr'><strong>aeque</strong></span> <span class='ocrx_word' id='word_1_118' title='bbox 887 2517 1047 2580; x_wconf 81' lang='lat' dir='ltr'><strong>funestum</strong></span> <span class='ocrx_word' id='word_1_119' title='bbox 1072 2522 1137 2595; x_wconf 88' lang='lat' dir='ltr'><strong>est,</strong></span> <span class='ocrx_word' id='word_1_120' title='bbox 1152 2516 1231 2578; x_wconf 90' lang='lat' dir='ltr'>nihil</span> <span class='ocrx_word' id='word_1_121' title='bbox 1250 2533 1306 2580; x_wconf 89' lang='lat' dir='ltr'><strong>eos</strong></span> <span class='ocrx_word' id='word_1_122' title='bbox 1324 2517 1368 2581; x_wconf 91' lang='lat' dir='ltr'><strong>ita</strong></span> <span class='ocrx_word' id='word_1_123' title='bbox 1387 2535 1407 2580; x_wconf 89' lang='lat' dir='ltr'><strong>a</strong></span> <span class='ocrx_word' id='word_1_124' title='bbox 1423 2518 1549 2598; x_wconf 91' lang='lat' dir='ltr'><strong>perspi·-</strong></span> 
     </span>
     <span class='ocr_line' id='line_1_18' title="bbox 436 2633 1552 2716; baseline -0.002 -17"><span class='ocrx_word' id='word_1_125' title='bbox 436 2635 549 2699; x_wconf 87' lang='lat' dir='ltr'><strong>eiendo</strong></span> <span class='ocrx_word' id='word_1_126' title='bbox 568 2652 645 2698; x_wconf 82' lang='lat' dir='ltr'><strong>nero</strong></span> <span class='ocrx_word' id='word_1_127' title='bbox 665 2635 813 2716; x_wconf 92' lang='lat' dir='ltr'><strong>prohibet</strong></span> <span class='ocrx_word' id='word_1_128' title='bbox 836 2640 932 2714; x_wconf 88' lang='lat' dir='ltr'><strong>atque</strong></span> <span class='ocrx_word' id='word_1_129' title='bbox 951 2634 1005 2696; x_wconf 92' lang='lat' dir='ltr'><strong>ille</strong></span> <span class='ocrx_word' id='word_1_130' title='bbox 1024 2650 1114 2696; x_wconf 90' lang='lat' dir='ltr'><strong>error</strong></span> <span class='ocrx_word' id='word_1_131' title='bbox 1133 2633 1187 2714; x_wconf 92' lang='lat' dir='ltr'><strong>qui</strong></span> <span class='ocrx_word' id='word_1_132' title='bbox 1205 2634 1354 2698; x_wconf 91' lang='lat' dir='ltr'><strong>omnibus</strong></span> <span class='ocrx_word' id='word_1_133' title='bbox 1372 2635 1552 2698; x_wconf 90' lang='lat' dir='ltr'><strong>eommunis</strong></span> 
     </span>
     <span class='ocr_line' id='line_1_19' title="bbox 436 2749 1552 2833; baseline 0 -17"><span class='ocrx_word' id='word_1_134' title='bbox 436 2759 496 2828; x_wconf 90' lang='lat' dir='ltr'><strong>est,</strong></span> <span class='ocrx_word' id='word_1_135' title='bbox 512 2769 571 2832; x_wconf 92' lang='lat' dir='ltr'><strong>per</strong></span> <span class='ocrx_word' id='word_1_136' title='bbox 585 2770 681 2833; x_wconf 92' lang='lat' dir='ltr'><strong>quem</strong></span> <span class='ocrx_word' id='word_1_137' title='bbox 696 2769 735 2815; x_wconf 90' lang='lat' dir='ltr'><strong>ea</strong></span> <span class='ocrx_word' id='word_1_138' title='bbox 750 2769 784 2814; x_wconf 88' lang='lat' dir='ltr'><strong>se</strong></span> <span class='ocrx_word' id='word_1_139' title='bbox 799 2751 883 2814; x_wconf 88' lang='lat' dir='ltr'><strong>seire</strong></span> <span class='ocrx_word' id='word_1_140' title='bbox 896 2749 1101 2826; x_wconf 91' lang='lat' dir='ltr'><strong>arbitrantur,</strong></span> <span class='ocrx_word' id='word_1_141' title='bbox 1116 2767 1191 2830; x_wconf 81' lang='lat' dir='ltr'><strong>quae</strong></span> <span class='ocrx_word' id='word_1_142' title='bbox 1206 2752 1337 2814; x_wconf 89' lang='lat' dir='ltr'><strong>ornuino</strong></span> <span class='ocrx_word' id='word_1_143' title='bbox 1353 2752 1432 2831; x_wconf 89' lang='lat' dir='ltr'><strong>ipsis</strong></span> <span class='ocrx_word' id='word_1_144' title='bbox 1450 2753 1552 2816; x_wconf 85' lang='lat' dir='ltr'><strong>aliena</strong></span> 
     </span>
     <span class='ocr_line' id='line_1_20' title="bbox 435 2865 1552 2949; baseline -0.001 -18"><span class='ocrx_word' id='word_1_145' title='bbox 435 2875 511 2932; x_wconf 90' lang='lat' dir='ltr'><strong>sunt</strong></span> <span class='ocrx_word' id='word_1_146' title='bbox 529 2885 535 2932; x_wconf 94' lang='lat'>:</span> <span class='ocrx_word' id='word_1_147' title='bbox 553 2869 631 2932; x_wconf 89' lang='lat' dir='ltr'><strong>ialsa</strong></span> <span class='ocrx_word' id='word_1_148' title='bbox 646 2869 741 2949; x_wconf 78' lang='lat' dir='ltr'><strong>igitur</strong></span> <span class='ocrx_word' id='word_1_149' title='bbox 754 2884 813 2947; x_wconf 94' lang='lat' dir='ltr'><strong>pro</strong></span> <span class='ocrx_word' id='word_1_150' title='bbox 832 2867 917 2929; x_wconf 84' lang='lat' dir='ltr'><strong>veris</strong></span> <span class='ocrx_word' id='word_1_151' title='bbox 936 2867 1108 2947; x_wconf 88' lang='lat' dir='ltr'><strong>aoeipiuut,</strong></span> <span class='ocrx_word' id='word_1_152' title='bbox 1124 2865 1165 2929; x_wconf 92' lang='lat' dir='ltr'><strong>ad</strong></span> <span class='ocrx_word' id='word_1_153' title='bbox 1186 2884 1224 2930; x_wconf 89' lang='lat' dir='ltr'><strong>ea</strong></span> <span class='ocrx_word' id='word_1_154' title='bbox 1246 2868 1470 2947; x_wconf 80' lang='lat' dir='ltr'><strong>cognoscenda</strong></span> <span class='ocrx_word' id='word_1_155' title='bbox 1491 2869 1552 2930; x_wconf 91' lang='lat' dir='ltr'><strong>mi·</strong></span> 
     </span>
     <span class='ocr_line' id='line_1_21' title="bbox 437 2980 1553 3062; baseline -0.001 -16"><span class='ocrx_word' id='word_1_156' title='bbox 437 2986 524 3047; x_wconf 91' lang='lat' dir='ltr'><strong>nime</strong></span> <span class='ocrx_word' id='word_1_157' title='bbox 536 2983 683 3046; x_wconf 91' lang='lat' dir='ltr'><strong>laborant</strong></span> <span class='ocrx_word' id='word_1_158' title='bbox 697 2999 770 3062; x_wconf 84' lang='lat' dir='ltr'><strong>quae</strong></span> <span class='ocrx_word' id='word_1_159' title='bbox 785 2981 845 3043; x_wconf 88' lang='lat' dir='ltr'><strong>sibi</strong></span> <span class='ocrx_word' id='word_1_160' title='bbox 856 2980 1047 3060; x_wconf 86' lang='lat' dir='ltr'><strong>jamdudum</strong></span> <span class='ocrx_word' id='word_1_161' title='bbox 1061 2987 1226 3061; x_wconf 88' lang='lat' dir='ltr'><strong>oomperta</strong></span> <span class='ocrx_word' id='word_1_162' title='bbox 1239 2980 1386 3056; x_wconf 88' lang='lat' dir='ltr'><strong>eredunt,</strong></span> <span class='ocrx_word' id='word_1_163' title='bbox 1400 2983 1553 3062; x_wconf 89' lang='lat' dir='ltr'><strong>nulloque</strong></span> 
     </span>
     <span class='ocr_line' id='line_1_22' title="bbox 437 3097 1553 3180; baseline -0.001 -18"><span class='ocrx_word' id='word_1_164' title='bbox 437 3101 532 3164; x_wconf 89' lang='lat' dir='ltr'><strong>modo</strong></span> <span class='ocrx_word' id='word_1_165' title='bbox 548 3100 759 3180; x_wconf 85' lang='lat' dir='ltr'><strong>sapientiores</strong></span> <span class='ocrx_word' id='word_1_166' title='bbox 773 3098 988 3178; x_wconf 88' lang='lat' dir='ltr'><strong>melioresque</strong></span> <span class='ocrx_word' id='word_1_167' title='bbox 1003 3097 1140 3161; x_wconf 90' lang='lat' dir='ltr'><strong>evadere</strong></span> <span class='ocrx_word' id='word_1_168' title='bbox 1153 3105 1299 3178; x_wconf 92' lang='lat' dir='ltr'><strong>possunt.</strong></span> <span class='ocrx_word' id='word_1_169' title='bbox 1314 3099 1444 3173; x_wconf 87' lang='lat' dir='ltr'><strong>Quodsi</strong></span> <span class='ocrx_word' id='word_1_170' title='bbox 1457 3100 1553 3163; x_wconf 90' lang='lat' dir='ltr'><strong>toties</strong></span> 
     </span>
     <span class='ocr_line' id='line_1_23' title="bbox 437 3214 1552 3296; baseline 0 -17"><span class='ocrx_word' id='word_1_171' title='bbox 437 3218 522 3280; x_wconf 90' lang='lat' dir='ltr'><strong>male</strong></span> <span class='ocrx_word' id='word_1_172' title='bbox 536 3221 644 3296; x_wconf 76' lang='lat' dir='ltr'><strong>agunt,</strong></span> <span class='ocrx_word' id='word_1_173' title='bbox 660 3216 786 3294; x_wconf 89' lang='lat' dir='ltr'><strong>aliaque</strong></span> <span class='ocrx_word' id='word_1_174' title='bbox 805 3214 927 3277; x_wconf 82' lang='lat' dir='ltr'><strong>iaciunt</strong></span> <span class='ocrx_word' id='word_1_175' title='bbox 946 3230 1043 3294; x_wconf 90' lang='lat' dir='ltr'><strong>quam</strong></span> <span class='ocrx_word' id='word_1_176' title='bbox 1064 3231 1137 3294; x_wconf 79' lang='lat' dir='ltr'><strong>quae</strong></span> <span class='ocrx_word' id='word_1_177' title='bbox 1161 3215 1264 3294; x_wconf 86' lang='lat' dir='ltr'><strong>posuit</strong></span> <span class='ocrx_word' id='word_1_178' title='bbox 1281 3222 1420 3295; x_wconf 83' lang='lat' dir='ltr'><strong>tempus,</strong></span> <span class='ocrx_word' id='word_1_179' title='bbox 1437 3217 1552 3279; x_wconf 85' lang='lat' dir='ltr'><strong>exhor</strong></span> 
     </span>
     <span class='ocr_line' id='line_1_24' title="bbox 438 3332 1553 3416; baseline -0.002 -17"><span class='ocrx_word' id='word_1_180' title='bbox 438 3336 474 3399; x_wconf 87' lang='lat' dir='ltr'><strong>fit</strong></span> <span class='ocrx_word' id='word_1_181' title='bbox 489 3335 576 3416; x_wconf 92' lang='lat' dir='ltr'><strong>quod</strong></span> <span class='ocrx_word' id='word_1_182' title='bbox 595 3333 672 3416; x_wconf 91' lang='lat' dir='ltr'><strong>quid</strong></span> <span class='ocrx_word' id='word_1_183' title='bbox 689 3333 811 3396; x_wconf 90' lang='lat' dir='ltr'><strong>bonurn</strong></span> <span class='ocrx_word' id='word_1_184' title='bbox 829 3332 871 3396; x_wconf 89' lang='lat' dir='ltr'><strong>sit</strong></span> <span class='ocrx_word' id='word_1_185' title='bbox 890 3332 1083 3412; x_wconf 79' lang='lat' dir='ltr'><strong>investigere</strong></span> <span class='ocrx_word' id='word_1_186' title='bbox 1102 3349 1216 3412; x_wconf 92' lang='lat' dir='ltr'><strong>parum</strong></span> <span class='ocrx_word' id='word_1_187' title='bbox 1235 3332 1383 3408; x_wconf 83' lang='lat' dir='ltr'><strong>ourant¹,</strong></span> <span class='ocrx_word' id='word_1_188' title='bbox 1398 3351 1499 3414; x_wconf 92' lang='lat' dir='ltr'><strong>quum</strong></span> <span class='ocrx_word' id='word_1_189' title='bbox 1517 3351 1553 3398; x_wconf 85' lang='lat' dir='ltr'><strong>se</strong></span> 
     </span>
     <span class='ocr_line' id='line_1_25' title="bbox 435 3448 1555 3532; baseline 0 -18"><span class='ocrx_word' id='word_1_190' title='bbox 435 3451 627 3532; x_wconf 80' lang='lat' dir='ltr'><strong>iampridem</strong></span> <span class='ocrx_word' id='word_1_191' title='bbox 646 3451 794 3514; x_wconf 90' lang='lat' dir='ltr'><strong>didieisse</strong></span> <span class='ocrx_word' id='word_1_192' title='bbox 814 3464 1006 3530; x_wconf 87' lang='lat' dir='ltr'><strong>persuasum</strong></span> <span class='ocrx_word' id='word_1_193' title='bbox 1029 3449 1181 3514; x_wconf 84' lang='lat' dir='ltr'><strong>habeant.</strong></span> <span class='ocrx_word' id='word_1_194' title='bbox 1202 3448 1263 3512; x_wconf 94' lang='lat' dir='ltr'><strong>Illo</strong></span> <span class='ocrx_word' id='word_1_195' title='bbox 1284 3467 1341 3513; x_wconf 89' lang='lat' dir='ltr'><strong>eos</strong></span> <span class='ocrx_word' id='word_1_196' title='bbox 1362 3467 1472 3514; x_wconf 90' lang='lat' dir='ltr'><strong>errore</strong></span> <span class='ocrx_word' id='word_1_197' title='bbox 1495 3453 1555 3514; x_wconf 85' lang='lat' dir='ltr'><strong>So·</strong></span> 
     </span>
     <span class='ocr_line' id='line_1_26' title="bbox 440 3547 1584 3647; baseline -0.001 -16"><span class='ocrx_word' id='word_1_198' title='bbox 440 3574 543 3631; x_wconf 84' lang='lat' dir='ltr'><strong>crates</strong></span> <span class='ocrx_word' id='word_1_199' title='bbox 561 3566 787 3647; x_wconf 77' lang='lat' dir='ltr'><strong>interrogando</strong></span> <span class='ocrx_word' id='word_1_200' title='bbox 802 3572 834 3628; x_wconf 90' lang='lat' dir='ltr'><strong>et</strong></span> <span class='ocrx_word' id='word_1_201' title='bbox 851 3566 1013 3628; x_wconf 90' lang='lat' dir='ltr'><strong>irridendo</strong></span> <span class='ocrx_word' id='word_1_202' title='bbox 1026 3566 1182 3629; x_wconf 85' lang='lat' dir='ltr'><strong>liberabat</strong></span> <span class='ocrx_word' id='word_1_203' title='bbox 1203 3581 1305 3646; x_wconf 85' lang='lat' dir='ltr'><strong>eoque</strong></span> <span class='ocrx_word' id='word_1_204' title='bbox 1322 3566 1503 3630; x_wconf 80' lang='lat' dir='ltr'><strong>adducebat</strong></span> <span class='ocrx_word' id='word_1_205' title='bbox 1513 3576 1556 3630; x_wconf 86' lang='lat' dir='ltr'><strong>ut</strong></span> <span class='ocrx_word' id='word_1_206' title='bbox 1579 3547 1584 3556; x_wconf 58' lang='grc'>’</span> 
     </span>
     <span class='ocr_line' id='line_1_27' title="bbox 439 3681 1555 3762; baseline 0 -16"><span class='ocrx_word' id='word_1_207' title='bbox 439 3684 518 3747; x_wconf 92' lang='lat' dir='ltr'><strong>nihil</strong></span> <span class='ocrx_word' id='word_1_208' title='bbox 532 3700 567 3746; x_wconf 89' lang='lat' dir='ltr'><strong>se</strong></span> <span class='ocrx_word' id='word_1_209' title='bbox 580 3683 663 3746; x_wconf 86' lang='lat' dir='ltr'><strong>seire</strong></span> <span class='ocrx_word' id='word_1_210' title='bbox 678 3688 774 3762; x_wconf 89' lang='lat' dir='ltr'><strong>atque</strong></span> <span class='ocrx_word' id='word_1_211' title='bbox 787 3681 947 3744; x_wconf 91' lang='lat' dir='ltr'><strong>immerito</strong></span> <span class='ocrx_word' id='word_1_212' title='bbox 962 3682 1128 3762; x_wconf 89' lang='lat' dir='ltr'><strong>disciplina</strong></span> <span class='ocrx_word' id='word_1_213' title='bbox 1141 3699 1200 3744; x_wconf 91' lang='lat' dir='ltr'><strong>sua</strong></span> <span class='ocrx_word' id='word_1_214' title='bbox 1216 3681 1355 3745; x_wconf 88' lang='lat' dir='ltr'><strong>ooufisos</strong></span> <span class='ocrx_word' id='word_1_215' title='bbox 1369 3699 1442 3745; x_wconf 89' lang='lat' dir='ltr'><strong>esse</strong></span> <span class='ocrx_word' id='word_1_216' title='bbox 1455 3700 1555 3762; x_wconf 80' lang='lat' dir='ltr'><strong>agno·</strong></span> 
     </span>
     <span class='ocr_line' id='line_1_28' title="bbox 438 3809 577 3865; baseline 0.007 -2"><span class='ocrx_word' id='word_1_217' title='bbox 438 3809 577 3865; x_wconf 77' lang='lat' dir='ltr'><strong>suerent</strong></span> 
     </span>
    </p>

    <p class='ocr_par' dir='ltr' id='par_1_5' title="bbox 441 3915 1556 4232">
     <span class='ocr_line' id='line_1_29' title="bbox 476 3915 1556 3996; baseline 0.002 -16"><span class='ocrx_word' id='word_1_218' title='bbox 476 3915 572 3981; x_wconf 86' lang='lat' dir='ltr'><strong>¹Illum</strong></span> <span class='ocrx_word' id='word_1_219' title='bbox 585 3933 662 3980; x_wconf 87' lang='lat' dir='ltr'><strong>vero</strong></span> <span class='ocrx_word' id='word_1_220' title='bbox 676 3916 774 3980; x_wconf 90' lang='lat' dir='ltr'><strong>linem</strong></span> <span class='ocrx_word' id='word_1_221' title='bbox 789 3918 878 3995; x_wconf 89' lang='lat' dir='ltr'><strong>operi</strong></span> <span class='ocrx_word' id='word_1_222' title='bbox 892 3934 951 3979; x_wconf 88' lang='lat' dir='ltr'><strong>suo</strong></span> <span class='ocrx_word' id='word_1_223' title='bbox 965 3932 1030 3978; x_wconf 93' lang='lat' dir='ltr'><strong>non</strong></span> <span class='ocrx_word' id='word_1_224' title='bbox 1045 3916 1246 3995; x_wconf 80' lang='lat' dir='ltr'><strong>imponebat,</strong></span> <span class='ocrx_word' id='word_1_225' title='bbox 1262 3933 1369 3996; x_wconf 89' lang='lat' dir='ltr'><strong>nsque</strong></span> <span class='ocrx_word' id='word_1_226' title='bbox 1386 3917 1465 3980; x_wconf 92' lang='lat' dir='ltr'><strong>illud</strong></span> <span class='ocrx_word' id='word_1_227' title='bbox 1477 3919 1556 3982; x_wconf 82' lang='lat' dir='ltr'><strong>eatis</strong></span> 
     </span>
     <span class='ocr_line' id='line_1_30' title="bbox 441 4032 1553 4114; baseline -0.002 -14"><span class='ocrx_word' id='word_1_228' title='bbox 441 4035 667 4100; x_wconf 83' lang='lat' dir='ltr'><strong>asserebatur.</strong></span> <span class='ocrx_word' id='word_1_229' title='bbox 682 4032 764 4096; x_wconf 85' lang='lat' dir='ltr'><strong>llarn</strong></span> <span class='ocrx_word' id='word_1_230' title='bbox 781 4034 927 4113; x_wconf 87' lang='lat' dir='ltr'><strong>quamvis</strong></span> <span class='ocrx_word' id='word_1_231' title='bbox 945 4032 1024 4096; x_wconf 90' lang='lat' dir='ltr'><strong>nihil</strong></span> <span class='ocrx_word' id='word_1_232' title='bbox 1042 4033 1125 4096; x_wconf 87' lang='lat' dir='ltr'><strong>seire</strong></span> <span class='ocrx_word' id='word_1_233' title='bbox 1144 4033 1293 4096; x_wconf 88' lang='lat' dir='ltr'><strong>homines</strong></span> <span class='ocrx_word' id='word_1_234' title='bbox 1306 4033 1553 4114; x_wconf 86' lang='lat' dir='ltr'><strong>demonstraret,</strong></span> 
     </span>
     <span class='ocr_line' id='line_1_31' title="bbox 441 4149 1555 4232; baseline 0 -15"><span class='ocrx_word' id='word_1_235' title='bbox 441 4151 589 4232; x_wconf 83' lang='lat' dir='ltr'><strong>saeptiois</strong></span> <span class='ocrx_word' id='word_1_236' title='bbox 616 4150 747 4212; x_wconf 90' lang='lat' dir='ltr'><strong>rninime</strong></span> <span class='ocrx_word' id='word_1_237' title='bbox 771 4149 1002 4213; x_wconf 85' lang='lat' dir='ltr'><strong>assentiebatur</strong></span> <span class='ocrx_word' id='word_1_238' title='bbox 1025 4167 1163 4229; x_wconf 92' lang='lat' dir='ltr'><strong>quorum</strong></span> <span class='ocrx_word' id='word_1_239' title='bbox 1186 4151 1344 4213; x_wconf 90' lang='lat' dir='ltr'><strong>sententia</strong></span> <span class='ocrx_word' id='word_1_240' title='bbox 1370 4151 1449 4213; x_wconf 90' lang='lat' dir='ltr'><strong>nihil</strong></span> <span class='ocrx_word' id='word_1_241' title='bbox 1470 4153 1555 4217; x_wconf 88' lang='lat' dir='ltr'><strong>seire</strong></span> 
     </span>
    </p>
   </div>
   <div class='ocr_carea' id='block_1_3' title="bbox 389 4361 868 4446">
    <p class='ocr_par' dir='ltr' id='par_1_6' title="bbox 389 4361 868 4446">
     <span class='ocr_line' id='line_1_32' title="bbox 389 4361 868 4446; baseline 0.006 -16"><span class='ocrx_word' id='word_1_242' title='bbox 389 4375 394 4383; x_wconf 88' lang='grc'><strong>’</strong></span> <span class='ocrx_word' id='word_1_243' title='bbox 473 4387 495 4432; x_wconf 88' lang='lat' dir='ltr'><strong>l.</strong></span> <span class='ocrx_word' id='word_1_244' title='bbox 511 4382 590 4442; x_wconf 65' lang='lat' dir='ltr'><strong>nan„</strong></span> <span class='ocrx_word' id='word_1_245' title='bbox 604 4361 694 4444; x_wconf 65' lang='lat' dir='ltr'><strong>nam,</strong></span> <span class='ocrx_word' id='word_1_246' title='bbox 711 4383 753 4445; x_wconf 79' lang='lat' dir='ltr'><strong>tv,</strong></span> <span class='ocrx_word' id='word_1_247' title='bbox 768 4396 787 4445; x_wconf 91' lang='lat'><strong>1,</strong></span> <span class='ocrx_word' id='word_1_248' title='bbox 803 4381 827 4446; x_wconf 85' lang='lat'><strong>3,</strong></span> <span class='ocrx_word' id='word_1_249' title='bbox 841 4384 868 4433; x_wconf 82' lang='lat' dir='ltr'><strong>a.</strong></span> 
     </span>
    </p>
   </div>
   <div class='ocr_carea' id='block_1_4' title="bbox 0 0 1789 5460">
    <p class='ocr_par' dir='ltr' id='par_1_7' title="bbox 0 0 1789 5460">
     <span class='ocr_line' id='line_1_33' title="bbox 0 0 1789 5460; baseline 0 0"><span class='ocrx_word' id='word_1_250' title='bbox 0 0 1789 5460; x_wconf 95' lang='lat' dir='ltr'><strong> </strong></span> 
     </span>
    </p>
   </div>
  </div>
 </body>
</html>
