3544 5468
399 631 439 695 46
829 645 879 698 nit
899 645 1082 700 PLA'I'ONI‘S

399 775 434 832 et
446 767 534 848 apud
546 771 673 830 ceteros
685 763 903 844 intelligimus.
912 762 1062 858 Plerique
1074 762 1242 828 hominnm
1256 763 1394 829 multum
1406 781 1514 847 operm

398 887 595 948 consumunt
606 885 644 946 ut
660 895 699 944 eu
716 887 774 946 cut
789 897 864 962 qnae
882 880 944 960 ipsi
960 879 1107 946 nondum
1124 885 1180 944 aut
1197 895 1271 960 qua
1285 883 1385 964 pauci
1403 884 1514 948 admo-

400 1003 477 1066 dum
500 1002 603 1066 sciant
626 999 813 1078 addiscant;
835 1015 874 1064 eo
892 1000 1023 1080 majoris
1042 1016 1079 1063 se
1101 999 1264 1064 aestimant
1285 1017 1349 1082 qno
1373 1004 1467 1083 plura·
1483 1009 1515 1065 et

399 1119 613 1182 reconditiora
639 1117 840 1194 didicerunt,
862 1117 939 1181 dnm
962 1135 1000 1181 ea
1025 1135 1099 1198 qnae
1120 1123 1288 1197 tantopere
1310 1127 1514 1200 qnaernntnr,

399 1228 479 1299 nihil
492 1235 549 1299 ulli
563 1251 707 1316 unquam
721 1235 864 1298 utilitatis
878 1235 1095 1311 contulerunt
1109 1251 1217 1315 neque
1236 1235 1331 1298 ullius
1349 1237 1442 1317 pensi
1460 1237 1516 1302 lra-

399 1353 472 1417 beri
494 1352 613 1416 debant
637 1368 696 1432 pro
722 1349 785 1414 illis
812 1351 962 1416 omnibus
987 1370 1060 1433 quae
1084 1367 1181 1415 nemo
1202 1369 1347 1432 unquam
1369 1361 1515 1418 nostrum

401 1483 597 1551 cognoscere
614 1469 747 1550 poterin
764 1469 827 1533 imo
846 1469 928 1534 adeo
946 1469 1086 1535 difficilia
1101 1476 1178 1534 sunt
1195 1477 1232 1536 nt
1249 1487 1312 1536 nos
1325 1479 1381 1536 ant
1400 1472 1517 1538 trustra

399 1595 530 1670 tempus
542 1576 729 1654 conterendi
743 1595 799 1654 aut
811 1590 890 1653 falsa
908 1607 984 1654 cum
999 1589 1085 1653 veris
1104 1590 1334 1654 commiscendi
1347 1591 1381 1652 in
1402 1590 1516 1653 discri-

399 1721 476 1770 men
500 1707 670 1770 adducant.
695 1705 765 1770 Hoc
788 1724 866 1770 vero
890 1707 958 1770 iere
980 1723 1094 1770 omnes
1115 1706 1281 1787 negligunt
1302 1707 1389 1788 qnod
1412 1708 1515 1772 solum

399 1837 508 1904 perse
521 1824 699 1904 pretiosum
711 1829 773 1901 est,
789 1830 826 1888 nt
840 1825 1015 1888 candorem
1031 1823 1270 1905 aequioremquc
1285 1824 1426 1887 animum
1442 1842 1516 1887 con-

400 1946 587 2021 sequantur,
603 1957 703 2020 quum
723 1957 761 2004 eo
780 1940 882 2020 pluris
899 1940 1037 2004 faciendi
1055 1941 1157 2003 simus
1174 1957 1243 2020 qno
1258 1941 1379 2003 rectius
1391 1939 1516 2019 jndice-

283 2082 287 2091 ·
398 2073 484 2134 mus,
500 2058 605 2136 aptius
619 2057 860 2134 concludamus,
872 2056 1112 2137 levioribusque
1126 2057 1289 2121 erroribus
1302 2057 1513 2122 irretiamur¹.

441 2173 524 2238 Haec
547 2173 673 2237 Socrati
700 2173 792 2238 valde
820 2173 1015 2254 placuissent
1035 2173 1149 2237 Nicnlii
1175 2175 1277 2238 nostri
1299 2174 1434 2250 rachal,
1462 2173 1516 2256 qui

399 2291 517 2370 ingenii
531 2292 582 2354 sui
595 2289 718 2354 viribus
733 2290 881 2354 homines
895 2291 942 2354 nti
956 2291 1034 2355 dicit
1045 2298 1082 2355 ut
1099 2292 1216 2355 multas
1232 2291 1382 2354 scientias
1397 2291 1514 2372 adipis-

399 2412 524 2487 cantur,
535 2424 637 2488 quum·
645 2413 758 2471 contra
766 2423 838 2471 eam
847 2408 979 2472 demum
988 2425 1028 2472 ex
1037 2408 1179 2472 scientiis
1187 2408 1356 2472 utilitatem
1370 2424 1515 2488 quaerere

400 2523 559 2606 debeant,
583 2531 619 2588 ut
641 2525 759 2605 ingenii
783 2525 834 2588 sni
861 2526 947 2589 vires
974 2532 1120 2605 augeant.
1146 2527 1259 2606 Neque
1285 2527 1392 2590 minus
1413 2527 1453 2590 ab
1477 2543 1514 2590 eo

399 2642 554 2722 probatus
574 2642 686 2706 inisset
709 2639 992 2706 ltlalcbranohins³
1015 2644 1109 2723 cuius
1133 2642 1253 2722 judicio
1272 2660 1338 2707 non
1357 2643 1429 2707 ideo
1450 2643 1515 2708 nati

400 2766 475 2823 sunt
488 2760 635 2824 homines
648 2766 685 2824 ut
702 2759 787 2825 inter
804 2761 955 2841 physicos
974 2760 1191 2842 astrologosve
1210 2759 1319 2826 locum
1338 2760 1512 2839 obtineant,

400 2876 459 2938 sad
471 2882 507 2940 nt
519 2878 695 2958 prudentes
707 2877 850 2957 bonique
862 2877 982 2941 vivant.
1361 2955 1367 2964 ι

438 2994 591 3059 Earndem
608 2997 711 3076 ipsam
730 2995 907 3059 doctrinam
927 2968 962 3058 in
979 2994 1137 3059 Paeneo*
1153 2997 1302 3060 Socrates
1321 2997 1446 3078 suadet,
1461 2998 1515 3061 nbi

398 3112 523 3176 nullum
535 3113 640 3193 majns
657 3112 782 3175 homini·
795 3114 917 3176 honum
931 3129 1015 3188 essa,
1030 3113 1157 3177 nullum
1170 3115 1272 3194 magis
1286 3115 1511 3196 expetendum,

399 3246 496 3309 quam
510 3246 562 3294 res
580 3229 731 3293 metiendi
748 3231 992 3312 aestimandique
1005 3236 1109 3294 artem
1122 3232 1331 3294 demonstrat.
1348 3233 1429 3306 Quae
1445 3250 1516 3325 per·-

398 3348 526 3412 icctast
540 3347 687 3411 absoluta
704 3349 835 3419 rationis
852 3347 1028 3427 judiciique
1046 3349 1175 3412 solertia
1190 3365 1376 3430 quanquam
1389 3350 1427 3413 in*
1438 3367 1514 3432 cap-

398 3470 467 3527 tum
491 3470 638 3528 nostrum
659 3464 773 3528 venire·
791 3481 857 3527 non
877 3471 993 3544 potest,
1019 3449 1154 3528 summis
1172 3471 1281 3529 tamen
1299 3465 1424 3530 riribns
1439 3467 1515 3531 eniti

398 3581 554 3644 debemus
567 3580 741 3645 utadeam
757 3597 854 3661 quam
869 3583 1013 3661 proxime
1027 3582 1229 3646 accedamus.
1424 3565 1426 3570 ⁸

437 3697 477 3760 ll.
500 3699 545 3762 Ea
565 3705 723 3778 praeterea
742 3715 840 3762 cansa
862 3705 912 3761 est
935 3715 994 3763 cur
1015 3715 1086 3764 non
1103 3698 1219 3762 slmilis
1243 3699 1284 3762 sit
1310 3699 1409 3779 hujus
1429 3716 1514 3766 verae

427 3891 451 3943 1.
469 3891 593 3956 Protea..
613 3891 661 3945 309
680 3907 706 3942 o.
728 3891 788 3952 Πῶς
807 3889 858 3946 δὀὖ
880 3895 960 3961 μέλλει
980 3897 1009 3947 τὸ
1028 3899 1171 3964 σοφώτατον
1193 3898 1292 3952 κάλλιον
1311 3900 1448 3966 polluendum
1469 3897 1519 3966 eft

398 3961 575 4027 Heraclitum,
585 3965 730 4030 Πολνμαθίη
740 3966 796 4016 νόον
806 3961 834 4017 οὐ
846 3967 963 4019 διδάσκει.
975 3966 1046 4019 Most
1054 3968 1257 4034 learningdoes
1266 3974 1315 4021 not
1324 3971 1405 4021 teach
1415 3983 1515 4022 reason

397 4034 515 4098 (Grote’s
528 4035 654 4098 Plato,t
673 4037 695 4098 Ι,
709 4036 755 4086 cli.
770 4047 800 4098 x,
815 4050 841 4101 p,
857 4036 927 4101 631).

427 4105 455 4154 2.
474 4105 589 4170 lupique
603 4108 638 4157 de
652 4107 821 4170 Part-Royal,
836 4106 873 4157 1⁹²
885 4108 1024 4162 discours.

427 4175 451 4226 3.
467 4176 666 4240 Malehranchs‚
681 4177 835 4229 Racherche
848 4179 882 4230 de
895 4180 923 4230 lo
939 4181 1030 4245 venta,
1045 4181 1168 4236 Prdlaoe.

427 4245 453 4298 4.
471 4247 555 4310 Plato,
573 4248 692 4311 Pliten,
708 4247 741 4300 66
756 4262 785 4298 α.
799 4249 903 4318 Πρῶτον
922 4251 964 4318 μὲν
983 4253 1042 4317 (τῶν
1063 4249 1172 4320 ἀγαθῶν)
1191 4272 1226 4328 πῃ
1246 4256 1302 4344 aspi
1323 4255 1414 4324 μέτρον.
1426 4251 1513 4318 καὶτὸ

399 4320 494 4386 μέτριον
508 4320 549 4370 καὶ
563 4322 656 4387 καίριον
668 4320 709 4372 καὶ
723 4318 797 4372 πάνθ’
810 4321 894 4373 ὁπόσα
908 4319 956 4390 χρὴ
966 4333 1069 4376 τοιαῦτα
1082 4328 1185 4391 νομίζειν
1199 4329 1243 4395 τὴν
1258 4322 1335 4379 &adcor
1349 4326 1455 4396 ἦρῆσθαι
1470 4329 1513 4395 φύ-

399 4408 445 4443 σιν.
461 4387 500 4440 or.
516 4389 634 4455 roseae,
646 4391 677 4442 aa
691 4404 716 4441 a.
732 4390 864 4456 sciona,
879 4391 923 4443 nsi
942 4406 964 4444 e.
979 4395 1107 4460 prorupi,
1119 4394 1169 4448 aar
1179 4413 1197 4449 a
1210 4412 1255 4464 sq.
1353 4383 1360 4406 ⁸
