3544 5468
709 691 935 744 enormem
1341 677 1382 738 13

261 813 370 871 autem
383 809 468 872 inter
488 825 601 873 omnes
621 818 748 874 constat
764 828 837 874 eam
859 829 932 874 esse
951 811 1104 874 virtutem
1122 828 1220 892 quam
1233 813 1382 892 voluptas

260 941 391 1006 semper
410 935 640 1007 consequatur,
663 945 730 991 uon
751 929 824 992 ideo
842 946 921 992 sane
943 929 1064 991 bonam
1079 945 1152 992 eam
1170 945 1253 1007 esse,
1270 929 1329 992 sed
1341 945 1382 990 eo
1413 987 1416 992 .

261 1043 374 1104 saltem
399 1044 490 1124 signo
509 1045 639 1124 agnosci
661 1062 757 1125 posse
778 1045 940 1108 censebat.
957 1045 1049 1119 Quod
1062 1044 1143 1107 adeo
1157 1062 1271 1108 verum
1286 1044 1384 1108 estut

262 1163 499 1242 ipseKantius,
514 1182 578 1244 quo
597 1180 693 1226 nemo
716 1165 749 1226 in
771 1164 989 1245 suspicionem
1011 1164 1258 1226 utilitarianismi
1278 1165 1385 1226 minus

265 1281 375 1342 venire
388 1286 506 1359 potest,
520 1281 610 1343 nulla
622 1298 683 1343 nus
696 1281 757 1342 alia
771 1281 909 1343 coticula
922 1281 1046 1343 bonum
1061 1281 1247 1360 malumque
1260 1280 1385 1342 discer-

264 1414 451 1477 nerepnsse
466 1398 611 1460 docuerit
630 1415 728 1478 quam
750 1415 791 1459 ex
812 1398 923 1459 dolore
943 1404 1040 1476 atque
1062 1395 1259 1476 voluptate¹.
1277 1398 1386 1471 Quum

263 1517 359 1594 igitur
378 1515 474 1576 nullis
494 1515 564 1575 aliis
576 1514 685 1576 verbis
701 1531 782 1576 usus
794 1515 836 1576 sit
849 1515 1009 1586 Socrates,
1033 1513 1200 1576 videamus
1219 1529 1261 1576 ne
1275 1515 1385 1594 specie

263 1637 390 1714 decepti
402 1636 519 1697 falsum
533 1637 574 1698 d'e
587 1653 627 1699 eo
637 1636 796 1714 judicium
808 1636 963 1698 ieramus.

303 1752 344 1812 ll.
358 1753 479 1814 Auctor
492 1761 542 1815 est
556 1760 668 1814 contra
679 1754 716 1814 Α.
728 1753 891 1814 anillee²
902 1769 974 1814 esse
987 1752 1117 1832 aliquid,
1131 1752 1312 1816 secundum
1327 1754 1383 1817 So·

265 1877 399 1947 cratem,
423 1885 587 1946 summum
608 1870 742 1946 bonum,
763 1869 851 1950 quod
870 1870 1001 1949 sapiens
1022 1877 1130 1930 mente
1151 1870 1322 1949 concipiat,
1344 1872 1385 1932 ad

265 1987 352 2064 qnod
370 2003 406 2047 se
424 1987 548 2064 erigere
567 1993 726 2048 conetur:
743 2003 819 2065 quae
837 1985 1046 2062 doctrinam
1065 1986 1202 2048 maxime
1220 1987 1385 2050 Platonica

267 2108 331 2178 est,
356 2103 401 2164 ita
423 2121 442 2164 a
464 2104 605 2165 Socratis
628 2104 787 2165 sententia
811 2104 906 2180 longe
932 2103 1046 2165 abesse
1069 2109 1102 2165 et
1124 2104 1212 2166 nullo
1235 2113 1384 2168 veterum

265 2219 460 2299 scriptorum
474 2220 667 2302 documento
681 2219 808 2282 defendi
822 2237 919 2298 posse
932 2219 1068 2282 videtur.

304 2335 423 2396 Verum
439 2335 517 2397 dum
532 2352 747 2414 quaecumque
761 2334 846 2397 bona
860 2342 970 2397 essent
983 2336 1106 2397 ratione
1123 2337 1232 2399 habite
1250 2338 1385 2416 alicujus

265 2451 313 2512 rei
335 2451 421 2513 bona
444 2469 516 2513 esse
539 2451 686 2528 docebat,
711 2469 777 2513 nnn
800 2453 1046 2531 consequentia,
1072 2453 1130 2514 sed
1151 2461 1298 2533 tempora
1321 2457 1384 2517 cir-

265 2569 538 2646 cumstanliasque
555 2567 734 2629 innuebat:
757 2565 840 2628 iacta
860 2584 926 2628 nou
945 2583 985 2628 ex
1004 2574 1133 2645 eventu,
1153 2569 1211 2630 sed
1230 2585 1385 2633 excausa

261 2683 435 2762 judicabat.
446 2682 489 2744 Ut
500 2689 590 2744 recte
599 2698 704 2743 necne
713 2681 825 2744 iecerit
835 2681 950 2759 aliquis
959 2682 1169 2760 aestimemns‚
1179 2699 1383 2764 nequaqnam

265 2817 347 2880 opus
361 2805 411 2862 est
429 2806 465 2861 ut
482 2799 601 2861 exitum
618 2804 844 2876 exspectemus
863 2798 1036 2877 omniaque
1055 2799 1292 2876 conspiciamus
1310 2819 1385 2880 quae

265 2923 377 2980 secuta
398 2916 462 2978 sint
484 2933 492 2977 :
512 2922 587 2977 ante
607 2915 704 2976 etiam
726 2931 825 2992 quam
844 2914 1044 2994 propositum
1068 2914 1214 2994 perficiat
1230 2917 1385 2994 judicium

266 3035 350 3096 lerre
374 3049 560 3113 possumus,
581 3032 755 3095 dummodo
775 3038 808 3092 et
828 3031 883 3110 qui
904 3032 946 3092 sit
963 3048 1094 3111 quoque
1114 3033 1148 3092 iu
1170 3049 1280 3095 rerum
1300 3041 1386 3100 statu

265 3159 411 3214 versetur
433 3151 528 3229 plane
551 3149 725 3210 sciamus:
751 3147 838 3209 unde
855 3147 893 3209 fit
915 3153 952 3208 ut
974 3155 1147 3226 antequam
1170 3167 1302 3228 agamus
1325 3151 1386 3213 bn-

264 3284 386 3330 numue
399 3267 440 3329 sit
458 3265 546 3345 quod
563 3273 672 3327 mente
690 3265 935 3344 conceperimus
954 3280 1151 3343 cognoscere
1165 3266 1260 3328 nobis
1279 3267 1384 3349 detur,

265 3385 386 3447 nedum
400 3382 632 3462 periclitatione
648 3387 774 3442 tantum
791 3381 978 3460 peccavisse
996 3395 1057 3442 nos
1076 3382 1180 3444 serius
1197 3384 1384 3448 sentiamus.

303 3500 509 3563 Dialecticam
539 3498 653 3576 sequi,
681 3514 748 3560 nou
775 3497 945 3560 utilitatem
978 3497 1183 3561 considerare
1214 3499 1382 3564 dehemus.

263 3619 389 3682 Bonum
407 3624 457 3680 est
474 3617 573 3698 quod,
589 3603 758 3694 praemissa
774 3623 886 3678 nostra
904 3615 1029 3692 indole,
1046 3616 1213 3695 praemissa
1231 3618 1383 3697 hominis,

295 3795 319 3842 l.
336 3791 416 3851 liant,
432 3789 524 3840 Kritik
538 3789 588 3838 der
600 3787 776 3850 prulliacum
798 3785 941 3848 Vernunst,
959 3787 1161 3850 Rosenlrranlz,
1179 3801 1208 3851 p.
1228 3785 1283 3837 183.
1300 3815 1331 3825 -
1348 3788 1385 3840 So

265 3861 369 3913 konnte
385 3864 435 3913 der
450 3861 636 3912 Prohierstein
649 3861 700 3911 des
716 3858 806 3910 Guten
823 3859 891 3910 oder
909 3859 999 3908 Bosen
1017 3857 1047 3907 in
1062 3859 1157 3909 niehts
1170 3860 1281 3921 anders,
1295 3860 1338 3910 als
1356 3861 1385 3911 in

264 3935 311 3985 die
326 3933 617 3994 Uenereinslimmnng
629 3933 680 3982 des
692 3929 901 3994 Gegenstandes
917 3930 968 3979 mit
984 3943 1115 3981 unserem
1126 3929 1241 3980 Geiiilrle
1253 3931 1303 3981 der
1317 3931 1387 3983 Lust

264 4006 333 4056 oder
346 4005 447 4057 Unlust
457 4009 565 4068 gesetzt
577 4004 698 4064 werden,
713 4003 771 4052 und
785 4003 836 4052 der
849 4000 994 4053 Gebrauch
1008 4002 1058 4052 der
1071 4001 1204 4052 Vernunlt
1215 4003 1319 4054 konnte
1332 4017 1387 4054 nur

265 4078 344 4128 carin
356 4078 501 4136 bestehen,
518 4075 602 4126 theils
618 4075 697 4126 diese
711 4075 780 4125 Lust
795 4073 864 4125 oder
878 4073 981 4124 Unlust
996 4074 1023 4123 in
1039 4088 1145 4137 ganzeu
1163 4076 1386 4140 zusamenhangc'

264 4149 316 4199 mit
328 4149 401 4200 allen
416 4147 637 4210 Empfindungen
655 4147 764 4196 melnes
780 4145 907 4205 naseins,
922 4146 1006 4196 lheils
1021 4146 1068 4195 dic
1083 4145 1178 4208 llittel,
1194 4159 1249 4194 nur
1263 4147 1317 4197 den
1333 4146 1386 4198 Ge-

264 4220 402 4282 genstand
418 4218 565 4269 derselben
580 4232 615 4268 zu
631 4216 815 4278 verschalien‚
835 4230 871 4267 zu
889 4217 1066 4268 bestimmen.
1080 4243 1112 4253 -
1126 4215 1165 4266 Cf.
1180 4216 1275 4281 Arist,
1292 4218 1384 4270 Ettic.

263 4291 379 4352 Nicone„
391 4290 447 4353 vll,
461 4301 502 4352 xl,
517 4289 543 4339 ὓ.
561 4287 613 4353 Τὴν
630 4289 679 4357 γὰρ
698 4285 787 4357 ἀρετὴν
797 4290 840 4340 καὶ
858 4285 903 4354 τὴν
916 4293 1006 4342 κακίαν
1021 4287 1065 4352 τὴν
1080 4283 1167 4353 filiano
1182 4290 1237 4357 περὶ
1252 4291 1330 4351 λύπας
1344 4297 1386 4344 καὶ

262 4357 353 4426 ἡδονὰς
368 4365 459 4429 ἔθεμεν.

293 4433 319 4484 2.
332 4435 364 4485 Δ.
379 4434 509 4498 Perilleo,
523 4433 699 4497 philosophie
712 4434 746 4485 de
759 4433 882 4496 Socrate,
896 4433 943 4484 liv.
959 4433 993 4484 ll.
