3544 5468
715 665 950 719 raorauona·
1220 649 1223 656 '
1347 653 1388 714 29

303 786 477 850 verissima
494 785 701 853 nihilominus
721 787 869 852 docuisse
888 761 1038 851 Socrates
1054 786 1149 849 nobis
1162 786 1298 851 videtur.
1316 789 1388 851 Ete-

262 904 329 968 nim
356 903 557 983 quantamvis
582 903 751 966 utilitatem
785 907 878 968 nohis
907 905 1051 968 conferat
1078 903 1112 965 in
1138 904 1381 967 considerandis

261 1021 360 1084 rebus
374 1021 428 1082 illa
441 1021 645 1084 resolutionis
663 1022 844 1101 methodus
862 1040 959 1104 quam
974 1023 1089 1085 Graeco
1108 1024 1239 1084 nomine
1255 1022 1381 1086 ἀνάλυσιν

262 1155 426 1215 vocamus,
443 1132 623 1201 cavendum
637 1146 687 1202 est
704 1157 746 1202 ne
763 1141 922 1219 perhanc
936 1141 969 1201 in
983 1139 1100 1202 falsum
1115 1140 1156 1202 de
1170 1139 1267 1201 animi
1281 1140 1383 1202 nostri

261 1263 377 1319 natura
388 1255 542 1334 judicium
557 1255 890 1331 adducamur-Quum
903 1260 1004 1320 multa
1023 1263 1056 1320 et
1075 1257 1292 1320 diversissima
1305 1274 1379 1319 con·

260 1372 350 1436 tinuo
372 1373 404 1434 in
432 1373 525 1436 nobis
552 1373 769 1453 phaenomena
796 1375 989 1453 exoriantur,
1015 1391 1150 1438 necesse
1178 1379 1229 1437 est
1254 1375 1380 1455 singula

260 1506 407 1553 seorsum
425 1491 650 1568 speculemur;
671 1508 710 1553 ea
727 1497 838 1555 tamen
856 1492 1029 1570 separatim
1048 1491 1134 1574 gigni
1158 1491 1289 1554 minime
1313 1509 1382 1556 cre·

260 1608 402 1671 dendum
427 1613 485 1670 est.
516 1607 628 1686 Neque
654 1607 740 1669 enim
768 1609 879 1689 plures
904 1608 940 1670 in
965 1609 1058 1672 nobis
1084 1609 1200 1672 animae
1231 1615 1318 1684 sunt,
1349 1616 1385 1671 ut

261 1742 341 1806 quas
363 1725 454 1788 Plato
476 1729 547 1801 νοῦν,
571 1731 604 1786 et
630 1723 722 1805 θυμόν,
747 1731 779 1788 et
808 1725 945 1806 ἐπιθυμίαν
970 1727 1117 1805 vocabat,
1141 1743 1248 1808 neque
1273 1727 1384 1806 plures
1414 1759 1417 1764 ¹

259 1843 375 1908 animae
389 1847 508 1922 partes,
521 1846 557 1904 ul
570 1840 733 1905 Aristoteli
746 1844 862 1922 placet,
877 1842 931 1929 qui
940 1842 971 1904 τὸ
983 1842 1144 1918 διανοητικὸν
1154 1850 1186 1906 et
1194 1843 1225 1904 τὸ
1235 1846 1383 1927 ὀρεκτικὸν,

258 1947 409 2030 τὸῆθοςθῑ
423 1956 549 2027 τὸπάθος
563 1958 727 2022 discernit.
743 1960 911 2024 Falluntur
929 1962 1025 2024 etiam
1043 1962 1100 2043 qui
1118 1961 1236 2025 docent
1254 1962 1383 2028 duobus

259 2081 497 2139 momentorum
520 2076 705 2156 generibus,
728 2095 803 2158 quae
826 2079 941 2158 gallice
968 2102 983 2140 ν
1007 2079 1142 2142 mobiles
1172 2085 1207 2142 et
1228 2080 1335 2144 motils
1364 2096 1393 2140 ν·

261 2190 385 2271 dicunt,
411 2192 517 2256 idest
541 2211 631 2258 nunc
656 2194 793 2274 judiciis,
819 2212 906 2258 nunc
933 2196 1092 2277 sensibuS,
1117 2197 1239 2277 impelli
1264 2198 1381 2261 volun-

259 2315 359 2374 tatem
382 2316 537 2374 nostram.
556 2310 648 2374 Unus
664 2311 866 2390 simplexque
886 2312 980 2374 nobis
1001 2313 1085 2375 inest
1108 2313 1244 2392 animus,
1264 2314 1381 2378 intelli-

257 2425 374 2506 gentiae
388 2443 569 2507 sensusque
582 2428 678 2490 simul
694 2428 848 2508 praeditus
858 2427 882 2489 ¹.
895 2429 1098 2507 Quapropter
1112 2430 1381 2511 quotiescumque

259 2549 367 2607 mente
384 2543 559 2623 quidquam
579 2544 897 2624 comprehendimus,
921 2549 976 2607 aut
995 2545 1168 2624 voluptatis
1186 2554 1242 2610 aut
1260 2546 1381 2635 doloris

258 2660 377 2740 aliquid
397 2661 765 2742 percipimus;,quoties
788 2667 896 2726 autem
923 2678 1022 2724 seusu
1044 2662 1184 2743 quodam
1208 2663 1378 2740 afficimur,

258 2779 346 2857 quod
368 2778 525 2841 sentimus
549 2778 784 2858 cognoscimus,
809 2797 938 2859 quaque
962 2767 1059 2843 causa
1084 2795 1282 2844 moveamurv
1300 2799 1379 2845 con·

256 2896 419 2974 jectamus'
439 2910 449 2958 ι
471 2911 578 2975 neque
598 2897 687 2958 nullo
709 2895 827 2961 affectu
848 2897 971 2960 moveri
995 2913 1177 2976 possumus,
1197 2899 1276 2961 dum
1296 2901 1381 2980 cogi-

258 3019 377 3090 tamus,
391 3029 498 3092 neque
511 3011 593 3074 nihil
605 3013 712 3076 animo
727 3013 899 3094 concipere
913 3015 990 3076 dum
1000 2987 1172 3080 sentimus.

296 3131 446 3193 Ceterum
470 3129 575 3193 omnis
599 3128 744 3208 affectus,
769 3147 866 3194 omne
893 3131 1048 3207 studium,
1074 3138 1110 3194 ut
1132 3133 1272 3196 ostendit
1299 3135 1386 3197 Bos··

257 3247 379 3310 suerius
394 3245 419 3318 ²,
433 3263 473 3309 ex
496 3262 607 3309 amore
631 3247 767 3331 alicujus
785 3247 833 3311 rei
854 3247 966 3324 oritur,
981 3249 1034 3310 vel
1051 3249 1158 3327 potius
1176 3248 1218 3311 ad
1236 3267 1379 3314 amorem

256 3364 379 3426 recidit.
401 3365 455 3426 Ea.
470 3379 566 3444 porro
590 3363 708 3426 amoris
729 3339 843 3426 natura
864 3369 913 3426 est
938 3369 974 3425 ut
994 3363 1138 3426 illumin
1161 3364 1256 3427 nobis
1274 3367 1379 3446 progi-

256 3486 354 3562 gnunt
376 3480 483 3543 omnia
506 3497 582 3560 quae
603 3479 688 3543 bona
712 3496 785 3542 esse
806 3480 1062 3560 cognoverimus.
1092 3481 1258 3544 Erravisse
1285 3484 1379 3547 nohis

255 3600 382 3662 videtur
395 3597 532 3678 Spinoza
549 3614 650 3678 quum
665 3597 793 3677 scripsit
809 3614 817 3660 :
834 3615 850 3658 a
865 3597 949 3660 Rem
965 3613 1031 3660 non
1048 3596 1122 3660 ideo
1142 3599 1290 3678 cupimus
1303 3602 1379 3681 quia

255 3716 341 3780 hona
358 3721 419 3794 est,
434 3714 493 3778 sed
509 3714 595 3777 bona
613 3720 663 3777 est
682 3714 756 3794 quia
774 3730 846 3777 eam
866 3714 1014 3794 cupimus
1028 3713 1085 3774 ’.ν
1111 3713 1212 3778 Multo
1231 3717 1331 3797 magis
1343 3719 1376 3780 in

288 3919 310 3969 l.
326 3918 482 3976 Dementes,
500 3916 592 3968 Lettrc
609 3917 628 3968 ὰ
643 3917 680 3967 Μ.
701 3917 753 3968 X...
769 3916 873 3980 (Lettre
888 3915 935 3968 CX
957 3917 995 3968 du
1015 3921 1036 3966 t.
1055 3916 1088 3982 1).
1102 3916 1225 3980 Vouloir,
1244 3916 1379 3968 entendre

256 3989 399 4054 imaginer,
420 3988 515 4050 sentit,
532 3993 598 4050 etc,
616 4002 651 4038 no
668 3993 732 4040 sont
750 4001 805 4053 que
821 3988 873 4040 des
888 3989 1015 4040 diverses
1037 3989 1134 4050 locens
1151 3988 1187 4040 de
1202 4001 1314 4052 penset,
1331 3987 1381 4052 qui

254 4061 466 4125 appartiennent
478 4062 573 4111 toutes
588 4061 605 4109 a
619 4059 710 4112 l‘dme.

285 4131 310 4180 Ι.
327 4133 454 4193 Bossuet,
472 4131 694 4183 denudamur
716 4136 742 4182 et
759 4131 792 4182 de
810 4131 958 4194 soi-mima,
973 4133 1017 4183 ch.
1035 4132 1057 4194 l,
1072 4143 1111 4183 vr.
1126 4131 1184 4183 Nos
1205 4135 1300 4183 autres
1314 4145 1379 4197 pas-

256 4203 547 4268 sionsserapportent
560 4205 668 4256 auseul
679 4208 822 4263 amour,et
836 4204 856 4254 il
871 4204 914 4254 les
930 4203 1068 4255 renierme
1076 4217 1113 4254 ou
1124 4204 1166 4254 les
1173 4203 1264 4254 excite
1274 4208 1378 4254 toutes.

286 4273 311 4324 3.
326 4274 454 4339 Spinoza,
469 4273 572 4337 Echio„
592 4289 658 4339 pars
676 4274 724 4336 ΙΙΙ,
739 4286 819 4326 xxrx.
838 4275 956 4327 scholia.
974 4275 1012 4327 Ge
1025 4277 1099 4326 n’est
1113 4287 1163 4339 pas
1177 4288 1261 4339 parce
1277 4275 1379 4338 qu’une

256 4346 342 4398 chose
359 4353 404 4398 est
419 4347 510 4398 bonne
524 4361 579 4412 que
595 4360 668 4398 nous
681 4348 708 4398 la
723 4348 862 4408 desimus,
876 4348 947 4400 c’est
959 4361 1043 4413 parce
1057 4360 1113 4412 que
1124 4359 1196 4399 nous
1209 4347 1237 4398 la
1250 4345 1379 4400 desirons

255 4418 357 4482 qu'elle
372 4423 416 4470 est
433 4419 523 4472 bonne
535 4420 615 4485 (trad.
631 4419 662 4470 E.
677 4418 803 4486 Saisset).
