3544 5468
405 635 446 698 36
839 649 887 702 nn
909 648 1091 702 rnnrours

406 771 491 836 enim
505 786 599 834 novae
620 769 770 833 continuo
784 769 869 832 vires
885 769 1069 833 libidinibus
1088 768 1206 832 nostris
1224 767 1518 846 subministrentur,

404 904 569 968 nunquam
596 892 703 949 autem
733 885 925 949 debellatum
954 887 1018 967 sit,
1049 901 1175 948 summo
1211 901 1309 965 opere
1342 885 1519 948 renitamur

405 1010 532 1084 oportet
558 1003 765 1098 animumque
791 1020 919 1083 semper
947 1003 1151 1066 intendamus
1173 985 1224 1065 ¹ne
1250 1001 1283 1064 in
1315 1001 1520 1082 gravissimos

405 1136 531 1183 errores
546 1121 814 1200 gravissimasque
828 1121 940 1199 culpas
954 1121 1116 1200 rapiamur
1131 1119 1155 1180 ¹.

443 1239 556 1303 Nonne
568 1244 676 1300 autem
694 1238 756 1300 hoo
774 1254 863 1316 saepe
879 1238 984 1300 evenit
1004 1242 1051 1314 ut,
1068 1242 1238 1316 postquam
1259 1236 1337 1316 quid
1358 1236 1517 1316 agendum

403 1355 444 1416 sit
468 1354 521 1416 diu
536 1360 567 1417 et
582 1361 702 1417 attente
720 1354 1004 1430 consideravimus,
1023 1359 1194 1433 postquam
1212 1352 1288 1432 quid
1307 1353 1462 1432 optimum
1478 1355 1519 1415 sit

402 1470 635 1551 perspeximus,
660 1468 791 1532 libidine
819 1468 1014 1547 abripiamur
1040 1467 1189 1546 aliudque
1217 1466 1304 1546 quod
1326 1467 1420 1545 pejus
1444 1485 1515 1530 esse

403 1587 542 1649 sciamus
560 1585 792 1649 conficiamus‘l
808 1586 880 1648 Non
900 1587 1016 1648 iteres
1040 1602 1077 1648 se
1098 1586 1219 1647 habere
1241 1584 1443 1648 arbitramur.
1460 1587 1517 1648 Est

403 1702 488 1765 enim
504 1719 603 1782 quum
618 1703 659 1764 de
673 1703 806 1764 oonsilio
826 1702 982 1782 capiendo
1001 1719 1067 1764 non
1085 1701 1186 1764 semel
1204 1700 1373 1762 nobiseum
1392 1700 1517 1764 delibe-

402 1837 520 1883 remus.
538 1821 646 1899 Atqui,
663 1821 731 1894 aliis
753 1821 831 1883 alias
850 1820 891 1882 de
911 1821 1027 1898 oensis,
1049 1826 1208 1882 certarum
1232 1835 1339 1882 rerum
1359 1820 1517 1884 rationem

401 1939 504 2016 primo
533 1937 652 2000 ducere
678 1937 899 2016 negligimus:
923 1938 1062 2017 primum
1089 1935 1161 1998 ideo
1186 1934 1342 2013 judicium
1369 1936 1513 2000 facimus.

400 2055 482 2116 Tum
496 2070 584 2130 vero,
600 2054 803 2116 vincentibus
818 2054 913 2115 animi
927 2053 1104 2128 affectibus,
1120 2053 1183 2114 boo
1197 2052 1302 2114 subito
1326 2053 1425 2115 menti
1443 2070 1520 2115 nos..

401 2176 462 2232 trae
476 2170 615 2232 occurrit
629 2171 715 2249 quod
727 2186 895 2232 removere
907 2170 970 2231 nisi
985 2186 1131 2245 eramus;
1149 2170 1247 2234 altera
1265 2168 1449 2232 deliberatio
1465 2171 1514 2244 fit,

401 2288 501 2348 altera
520 2287 677 2348 sententia
695 2286 806 2361 fertur,
826 2286 923 2364 idque
942 2286 1072 2348 tandem
1096 2284 1302 2364 exsequimur
1323 2284 1410 2365 quod
1431 2286 1515 2364 opti·

401 2421 490 2465 mum
504 2420 576 2466 esse
591 2404 624 2463 in
639 2419 765 2464 summa
780 2403 1020 2464 aestimavimus.

439 2521 575 2581 Assidua
599 2525 631 2581 et
656 2519 812 2580 acerrima
835 2520 869 2580 in
894 2519 987 2581 nobis
1013 2518 1187 2580 certamina
1209 2518 1309 2597 liunt3
1336 2537 1411 2598 qnae
1438 2537 1513 2584 varo

400 2638 505 2716 qualia
524 2643 632 2698 essent
649 2636 837 2697 Aristoteles
855 2636 1052 2714 ignoravisse
1075 2634 1168 2697 nobis
1185 2635 1312 2698 videtur
1333 2653 1340 2698 :
1366 2655 1382 2696 t
1405 2637 1511 2716 Saepe,

398 2754 513 2833 inquit,
526 2753 656 2832 Judieio,
679 2769 846 2831 nunquam
858 2768 935 2813 vero
952 2752 1093 2830 cupidini
1114 2752 1230 2830 cupido
1252 2752 1438 2815 adversatur
1452 2753 1477 2816 ².
1499 2757 1525 2810 «”

400 2871 491 2944 Quod
506 2871 619 2948 procul
633 2887 652 2930 a
666 2884 742 2930 vero
762 2867 876 2929 abesse
897 2867 1196 2929 demonstravimus.
1213 2868 1405 2947 Repugnant
1428 2888 1515 2950 saepe

400 2989 484 3049 inter
506 2957 647 3048 severii
675 3000 800 3058 sensus,
820 2984 907 3044 varia
931 2984 1067 3062 judieia3
1091 2984 1175 3046 inter
1193 2982 1312 3060 iudicia
1335 3002 1515 3067 sensusque
1565 3018 1568 3026 ⁴

400 3104 523 3168 nullum
538 3100 703 3163 dissidium
718 3116 790 3162 esse
805 3107 920 3180 potest.
937 3101 1022 3162 Nihil
1031 3117 1106 3181 ergo
1120 3101 1189 3164 veri
1203 3100 1253 3162 bis
1266 3102 1361 3164 toties
1375 3119 1514 3168 comme·

401 3205 534 3284 moratis
546 3219 581 3280 P.
598 3217 701 3280 Ovidii
713 3217 860 3280 versibus
875 3219 964 3280 inest

573 3435 666 3488 Trahit
682 3435 796 3488 invitam
811 3449 883 3487 nova
898 3436 952 3499 vis,
967 3434 1098 3502 aliudque
1113 3435 1225 3502 cupido,

573 3510 650 3560 Mens
666 3509 741 3560 aliud
756 3510 856 3560 suadet
871 3510 891 3558 θ.

443 3721 500 3782 His
518 3720 612 3800 igitur
633 3722 741 3783 verbis
758 3722 891 3801 quaestio
905 3721 1025 3784 institui
1039 3721 1155 3785 debet:
1179 3738 1279 3802 quum
1300 3723 1371 3786 haeo
1391 3723 1519 3802 quidem

404 3838 582 3918 diligamus,
608 3857 683 3918 quae
700 3838 784 3902 bona
803 3857 875 3902 esse
897 3841 1225 3919 pronuntiaverimus,
1247 3858 1285 3903 ea
1308 3848 1415 3904 autem
1435 3839 1520 3902 bona

404 3955 564 4033 dicamus,
590 3973 663 4035 quae
685 3973 826 4019 amorem
850 3962 997 4019 nostrum
1016 3963 1182 4037 moveant,
1203 3974 1242 4019 ea
1260 3956 1399 4038 denique
1420 3955 1520 4035 perfi-

435 4165 462 4216 l.
477 4165 603 4229 Protog,
616 4164 664 4216 339
677 4179 695 4215 a
709 4192 738 4202 -
755 4163 803 4216 345
817 4165 846 4216 d.

357 4299 359 4304 ,
436 4238 463 4288 2.
478 4237 571 4298 Arist„
585 4237 674 4286 Erite.
690 4237 805 4299 Nicone,
820 4235 866 4299 ΙΙΙ,
884 4247 914 4298 11,
929 4235 989 4287 llll
1005 4236 1029 4286 b.
1043 4237 1093 4288 Kal
1109 4237 1251 4304 προαιρέσει
1269 4237 1311 4304 μὲν
1326 4233 1439 4304 ἐπιθυμία
1454 4231 1523 4290 ἔναν-

405 4315 507 4369 τιοῦται,
521 4305 634 4378 ἐπιθυμίᾳ
648 4310 673 4361 δὲ
690 4305 804 4376 ἐπιθυμία
818 4311 857 4361 οὕ.

438 4379 464 4429 3.
481 4377 604 4440 Ovidius,
622 4380 732 4442 Metam,
747 4381 802 4442 Vll,
817 4379 857 4442 19,
871 4380 910 4432 20.
