3544 5468
385 647 427 714 38
817 659 1069 718 mentionis

387 790 496 854 autem
518 783 563 854 ita
583 783 667 855 naui
688 797 860 863 possumus
881 787 918 851 ιιι
940 796 979 846 ca
999 779 1089 847 inriti
1110 769 1398 868 animaequior
1419 781 1503 848 bona

387 899 645 986 cognoscamus?

428 1018 536 1100 Longe
557 1017 651 1086 adam
664 1016 789 1086 virtutis
807 1015 1078 1095 scientiarumque
1093 1015 1307 1084 conditionem
1328 1033 1402 1086 osse
1415 1017 1503 1093 dris-

388 1135 506 1199 toteles
519 1131 708 1198 contendit¹
727 1152 734 1195 :
753 1134 909 1198 «Etenim
928 1131 982 1214 qui
1003 1131 1194 1200 medicinam
1210 1133 1329 1212 didicit,
1348 1134 1504 1212 medicus,

391 1251 447 1334 qni
461 1251 677 1332 astrologiam,
686 1250 880 1332 aanotoqus,
891 1250 947 1330 qut
961 1249 1242 1330 gubernandarum
1251 1251 1382 1317 navium
1390 1256 1504 1331 artem,

391 1367 586 1448 gubernator
609 1373 669 1434 est.
692 1367 750 1434 ute
771 1383 850 1434 vero
867 1365 930 1446 qui
956 1366 1060 1448 qualis
1084 1366 1128 1430 sit
1149 1367 1273 1446 justitia
1298 1375 1332 1434 et
1357 1385 1508 1450 quedam

392 1499 445 1550 res
470 1484 534 1552 sint
558 1486 655 1564 justae
680 1484 862 1564 cognoscit,
885 1500 951 1550 non
972 1482 1045 1547 ideo
1064 1475 1187 1564 justus,
1209 1484 1265 1566 qui
1287 1487 1508 1566 temperantia

391 1601 556 1676 notionem
583 1601 746 1684 possidet,
770 1618 836 1670 nou
857 1607 1042 1682 temperans
1068 1605 1130 1666 est.
1156 1600 1251 1680 Saepe
1273 1602 1368 1682 igitrrr
1390 1621 1508 1686 cogno·

393 1719 523 1784 scendae
535 1719 644 1784 virtuti
657 1718 775 1782 uustm
788 1717 966 1798 studemus,
981 1733 1088 1798 neque
1101 1717 1133 1779 in
1148 1733 1283 1782 numero
1302 1719 1507 1786 scientiarum

395 1837 530 1902 virtutes
560 1835 754 1916 reponendae
775 1841 862 1902 sunt.
886 1857 906 1896 n
930 1833 1002 1902 Non
1025 1833 1144 1898 sufficit
1166 1851 1242 1916 erqo
1266 1835 1351 1904 scire
1374 1838 1450 1920 quid
1469 1839 1510 1904 sit

395 1953 516 2034 virtus,
541 1951 709 2020 nitendum
728 1958 778 2016 est
802 1951 898 2019 etiam
919 1957 956 2020 ut
977 1967 1049 2018 eam
1072 1950 1294 2034 possideamus
1314 1937 1417 2036 eaque
1439 1961 1508 2020 uta·

324 2119 326 2124 -
394 2086 469 2140 mur
483 2069 506 2130 ²·
525 2069 627 2148 Quam
640 2085 710 2132 rem
724 2069 817 2134 multi
828 2068 936 2134 minus
948 2084 988 2134 ex
1002 2069 1160 2134 sententia
1177 2075 1304 2150 parunt,
1320 2087 1403 2151 quos
1421 2071 1510 2140 vide·

397 2202 471 2250 mus
488 2188 538 2250 sui
556 2188 749 2267 impotentes
767 2203 840 2250 esse
854 2191 898 2266 et,
913 2201 1015 2266 quum
1030 2185 1107 2248 boni
1124 2185 1292 2249 scientiam
1308 2186 1418 2268 adepti
1436 2189 1510 2270 sint,

397 2309 599 2370 transversos
621 2304 760 2370 violenta
776 2303 908 2369 libidine
930 2302 971 2368 ad
994 2319 1032 2366 ea
1053 2300 1220 2365 efficienda
1239 2303 1309 2384 rapi
1331 2320 1405 2384 quae
1427 2307 1511 2370 mala

397 2438 471 2486 esse
495 2420 597 2486 scient
611 2439 619 2485 :
635 2424 709 2484 δοκεῖ
730 2425 744 2482 ὁ
767 2418 882 2503 ἀκρατὴς
901 2416 974 2486 aiddu
990 2417 1031 2480 ὅτι
1049 2419 1137 2502 φαῦλα
1158 2422 1243 2481 ποιεῖν
1263 2421 1361 2499 ὑμοιῶς
1385 2420 1510 2503 ἀγόμενος

399 2539 450 2600 ὑπὸ
468 2545 514 2602 τοῦ
533 2538 631 2608 πάθους
650 2538 707 2602 ³.‹
730 2538 802 2600 Non
822 2537 908 2600 enim
931 2536 1008 2601 satis
1030 2541 1091 2616 est,
1107 2541 1143 2598 ut
1164 2535 1209 2598 ait
1231 2535 1354 2614 Cicero,
1371 2538 1516 2617 judicare

402 2656 478 2738 quid
492 2656 673 2724 iaciendum
692 2672 759 2721 non
776 2653 999 2720 faciendumve
1017 2652 1069 2732 sit,
1085 2651 1144 2716 sed
1162 2657 1248 2718 stare
1271 2653 1367 2718 etiam
1389 2662 1515 2735 oportet

400 2773 434 2837 in
446 2790 485 2838 eo
504 2774 592 2854 quod
610 2774 651 2839 sit
665 2773 854 2853 judicatum.
869 2770 1018 2850 Plerique
1039 2776 1186 2834 autern...
1205 2769 1281 2834 victi
1302 2778 1333 2834 et
1351 2770 1513 2851 debilitati,

403 2891 529 2972 objecta
546 2890 655 2972 specie
675 2889 858 2969 voluptatis,
877 2887 1010 2952 tradunt
1032 2903 1067 2951 se
1089 2885 1273 2950 libidinibus
1293 2889 1514 2970 constringen-

402 3011 461 3076 dos
481 3009 504 3072 ⁴.
525 3033 539 3072 i
564 3008 686 3074 Eadem
708 3011 758 3072 est
778 3006 923 3088 Spinozae
946 3004 1134 3070 sententia:
1163 3022 1180 3065 ιι
1205 3004 1285 3068 Eam
1312 3005 1516 3085 cupiditatem

402 3143 500 3206 quam
527 3141 604 3190 vera
626 3122 702 3189 boni
720 3122 860 3206 malique
881 3120 1016 3188 scientia
1036 3119 1134 3200 gignit
1155 3095 1357 3200 exstinguere
1377 3127 1409 3184 et
1431 3139 1517 3201 prae·

403 3243 513 3330 pedire
533 3247 668 3323 possunt
691 3239 802 3306 multae
825 3237 897 3304 aliae
920 3235 1110 3318 cupiditates
1132 3253 1206 3318 quae
1240 3253 1279 3298 ex
1301 3236 1398 3302 variis
1421 3239 1517 3304 enimi

344 3379 346 3385 ’
403 3359 570 3430 affectibus
593 3359 739 3424 oriuntur
757 3357 780 3417 ⁶.
802 3379 818 3414 »
844 3355 911 3420 Illis
933 3353 1153 3420 assentiuntur
1178 3352 1324 3434 plerique
1345 3355 1518 3434 scriptores

435 3629 458 3674 1.
474 3623 572 3683 Arist„
597 3620 693 3683 Manli.
712 3617 792 3679 Mor„
811 3616 833 3677 Ι,
854 3627 875 3676 1,
897 3613 958 3666 1183
974 3614 999 3675 b,
1016 3613 1057 3666 10.
1077 3613 1125 3665 Διὰ
1139 3616 1178 3676 τί;
1196 3612 1232 3664 ὅτι
1251 3609 1291 3664 ἐπὶ
1309 3621 1358 3664 τῶν
1377 3609 1520 3680 ἐπιστήμων

402 3697 529 3764 conticitum
547 3691 600 3759 ἅμα
616 3687 702 3743 εἰδέναι
721 3685 765 3754 τὴν
784 3685 921 3754 ἐπιστήμην
941 3689 964 3738 τί
982 3682 1092 3737 ἐστικαὶ
1112 3683 1171 3737 εἶναι
1190 3681 1381 3751 ἔπιστήμονα’.,.
1400 3681 1458 3737 ἀλλ’
1474 3682 1520 3737 oda

401 3767 442 3822 ἐπὶ
458 3776 506 3819 τῶν
523 3761 615 3833 ἀρετῶν
632 3770 704 3814 τοῦτο
722 3760 856 3827 condalium·
872 3756 901 3810 od
917 3757 965 3825 γὰρ
981 3758 1051 3815 εἴτις
1066 3755 1116 3808 οἶδε
1129 3751 1172 3819 τὴν
1186 3759 1342 3818 δικαιοσυνηιι
1356 3759 1380 3808 ri
1392 3752 1466 3818 ἐστιν,
1481 3753 1519 3810 sd·

401 3843 461 3902 tte<
480 3839 571 3894 δίκαιος
591 3830 665 3895 ἐστιν,
683 3829 716 3890 ὡς
734 3829 840 3888 δἀὕτως
857 3825 919 3881 adad
934 3835 982 3881 τῶν
999 3823 1088 3880 dilen.
1108 3827 1239 3892 Συμὸαἰνει
1260 3825 1302 3878 odo
1321 3828 1363 3878 aui
1383 3826 1460 3894 μάτην
1476 3827 1518 3885 τὰς

307 3911 310 3918 ’
402 3907 490 3980 ἀρετὰς
509 3905 569 3960 εἶναι
588 3906 631 3956 καὶ
657 3899 690 3969 μὴ
712 3901 771 3954 εἶναι
793 3898 937 3966 ἐπιστήμας.
960 3926 990 3936 -
1012 3898 1051 3950 Cf.
1070 3897 1136 3950 Eat.
1155 3897 1243 3960 End„
1262 3897 1283 3959 Ι,
1300 3909 1328 3960 V,
1349 3897 1412 3949 tito
1430 3898 1456 3948 b.
1479 3898 1518 3950 Cf.

401 3981 493 4045 Moqn.
508 3979 593 4039 Mor„
612 3977 632 4038 1,
647 3986 708 4034 xxi,
724 3972 787 4024 1190
803 3972 826 4033 b,
839 3972 879 4024 28.

432 4053 460 4110 2.
480 4051 575 4112 Arist„
594 4048 656 4102 Em.
678 4045 755 4107 itte„
774 4045 864 4107 X,11,
882 4044 905 4106 2,
923 4043 947 4096 3.
966 4039 1034 4098 Olet
1048 4037 1080 4107 δὴ
1099 4041 1155 4110 περὶ
1174 4036 1261 4110 ἀρετῆς
1279 4038 1362 4096 ἵκανον
1383 4043 1412 4094 τὸ
1433 4036 1519 4094 εἰδέναι

402 4121 460 4179 ἀλλ’
475 4125 541 4190 ἔχειν
557 4121 599 4173 aad
613 4123 720 4189 χρῆσθαι
735 4117 902 4184 neuportum...

432 4195 458 4248 3.
473 4194 567 4253 Arist„
579 4190 671 4256 Moqn.
686 4188 767 4249 Mor„
784 4186 818 4250 ΙΙ,
833 4198 874 4250 vr,
891 4186 952 4238 imo
967 4186 994 4238 b.
1012 4183 1074 4236 litt.
1092 4181 1241 4245 Nic.,V11,
1258 4193 1277 4243 t,
1292 4180 1354 4234 tlte
1368 4182 1396 4234 b.

433 4265 460 4315 t.
478 4262 582 4326 Cicero,
600 4261 640 4314 De
652 4260 775 4320 linibus,
788 4257 810 4320 I,
826 4256 943 4319 x1v‚d'l.
1541 4289 1543 4294 .

432 4335 457 4388 5.
473 4335 598 4398 Spinoze,
612 4331 739 4396 Ethiqae,
754 4329 782 4380 ιο
798 4329 894 4394 partie,
911 4341 991 4394 prop,
1008 4327 1062 4380 XV.
1080 4325 1117 4380 Le
1134 4325 1210 4378 desir
1225 4324 1275 4394 qui
1288 4325 1346 4378 nait
1360 4325 1396 4378 de
1410 4325 1438 4378 la
1453 4337 1518 4378 con·

404 4407 549 4462 naissenoe
565 4405 640 4460 rraie
656 4405 694 4457 du
709 4401 773 4458 bien
791 4405 820 4455 et
840 4401 878 4455 du
896 4401 954 4454 mal
973 4403 1040 4470 peut
1059 4398 1118 4454 atre
1138 4397 1242 4454 cenuu
1262 4410 1299 4450 ou
1315 4397 1450 4470 empeche
1470 4411 1521 4468 pur
