3544 5468
368 711 371 717 ’
394 729 434 788 56
827 739 876 790 611
896 739 1079 790 11116616

398 860 593 941 privatisque
611 857 729 936 ingenii
742 858 843 920 nostri
855 857 1022 920 conatibus
1036 875 1118 938 opus
1132 860 1184 937 611,
1199 876 1295 924 nemo
1310 870 1359 924 est
1373 864 1428 942 qui
1441 881 1510 926 eam

396 977 528 1055 adipisci
541 980 691 1054 nequeat.

435 1094 493 1156 His
507 1093 641 1155 Senecae
655 1091 762 1154 verbis
773 1091 867 1154 toties
880 1091 1027 1170 laudatis,
1039 1093 1134 1155 toties
1147 1093 1314 1173 lacessitis,
1331 1103 1398 1160 tota
1410 1098 1511 1159 conti·

399 1220 493 1275 netur
508 1209 648 1273 Socratis
662 1207 806 1272 doctrina
820 1208 981 1288 planeque
995 1209 1190 1286 explicatur:
1204 1229 1219 1270 1
1232 1212 1299 1274 Nec
1313 1213 1382 1276 sine
1397 1214 1513 1277 virtute

400 1327 612 1411 philosophia,
627 1342 689 1389 nec
703 1326 771 1388 siue
794 1326 995 1404 philosophia
1017 1327 1118 1388 virtus
1136 1343 1208 1390 esse
1225 1330 1363 1409 potest1.
1381 1354 1396 1386 1
1414 1332 1514 1405 Quam

399 1444 484 1506 enim
498 1442 551 1504 1116
566 1441 812 1519 philosophiam,
829 1440 973 1501 eamdem
993 1447 1103 1503 noster
1120 1441 1285 1504 scientiam
1301 1453 1405 1508 16661.
1421 1445 1514 1508 Nullo

399 1559 495 1623 modo
510 1558 580 1620 fieri
598 1563 703 1637 potest
720 1563 755 1618 ut
770 1557 890 1618 honum
904 1556 957 1618 hio
974 1573 1040 1618 non
1054 1565 1246 1637 exsequatur
1261 1561 1314 1638 qui
1330 1554 1516 1641 cognoverit

400 1683 431 1740 61
445 1692 575 1755 apravo
590 1673 787 1748 discreverit,
802 1673 856 1735 ille
870 1673 1015 1752 perficiat
1032 1675 1086 1753 qui
1101 1675 1301 1754 philosophia
1315 1679 1445 1744 omnino
1460 1697 1513 1740 ca-

400 1799 480 1856 reat.
504 1792 576 1853 Non
600 1797 707 1852 autem
730 1789 814 1851 docti
837 1790 1083 1869 philosophique
1106 1793 1236 1854 nomine
1258 1793 1373 1872 dignus
1395 1796 1516 1874 estqui

398 1915 545 1972 veterum
566 1907 655 1969 libris
677 1905 835 1985 impalluit
856 1912 911 1967 aut
934 1907 968 1966 in
990 1906 1263 1982 nobilissimorum
1292 1910 1517 1989 magistrorum

400 2026 483 2088 ludis
498 2023 688 2087 consenuit:
707 2022 902 2101 quicumque
919 2038 998 2084 1616
1021 2039 1133 2084 666616
1156 2024 1273 2102 cogitat
1294 2033 1325 2086 et
1347 2027 1517 2088 ratiocina-

400 2147 463 2219 tur,
480 2157 532 2202 res
546 2155 622 2202 vera
636 2137 848 2200 aestimatione
862 2137 1041 2217 perpendit,
1059 2155 1120 2201 nec
1133 2139 1223 2200 ranis
1239 2139 1442 2219 imaginihus,
1457 2159 1517 2204 nec

402 2255 619 2338 praeJ'udicatis
633 2254 836 2334 opinionibus
850 2254 1021 2331 deluditur,
1033 2255 1099 2316 6611
1109 2261 1261 2333 rectaque
1274 2257 1397 2318 ratione
1408 2258 1517 2334 utitur,

402 2371 430 2432 is
444 2386 520 2431 vere
534 2367 666 2430 scientia
679 2372 711 2430 61
724 2366 925 2445 philosophia
939 2367 1022 2428 inter
1034 2374 1159 2429 ceteros
1174 2369 1303 2430 eminet.
1317 2353 1377 2431 Hic
1391 2370 1520 2432 demum

403 2487 488 2549 bene
500 2485 576 2548 vivit
590 2484 645 2563 qui
659 2483 709 2546 661
732 2484 827 2545 66166
845 2483 927 2561 juris
941 2488 1001 2561 est,
1019 2485 1137 2564 quique
1150 2484 1317 2547 universas
1335 2487 1520 2565 1616666111-

404 2600 632 2682 persequitur.
649 2598 1161 2662 161611116686616166161161611
1180 2599 1276 2662 dehet
1294 2618 1375 2679 quos
1394 2603 1522 2681 quidam

407 2725 517 2782 nostra
538 2717 694 2780 memoria
711 2715 987 2778 intellectualistas
1007 2716 1285 2795 appellaveruntl.
1306 2718 1411 2791 Quum
1428 2719 1523 2797 igitur

407 2837 533 2899 nullum
555 2834 677 2898 homini
705 2834 808 2912 majus
833 2833 954 2894 honum
983 2849 1056 2894 esse
1083 2834 1245 2911 crederet,
1271 2807 1368 2913 quam
1393 2836 1525 2897 rationis

408 2953 600 3027 libertatem,
615 2949 695 3013 illud
718 2950 784 3010 suis
806 2947 929 3010 civibus
946 2956 1102 3028 praestare
1122 2956 1255 3011 conatus
1271 2950 1363 3027 est³;
1383 2968 1449 3014 non
1466 2970 1523 3014 66-

409 3075 474 3130 tem
489 3069 565 3131 satis
577 3067 730 3130 moralem
741 3065 882 3127 colorem
897 3081 965 3128 suae
977 3066 1154 3145 disciplinae
1168 3066 1291 3129 induxit
1300 3085 1362 3130 nec
1376 3086 1524 3146 quaenam

409 3184 593 3268 hominihus
605 3183 762 3246 tactorum
777 3199 909 3244 suorum
923 3183 1002 3245 ratio
1018 3183 1180 3245 reddenda
1194 3191 1280 3245 esset
1294 3186 1423 3263 reperit.

450 3304 522 3365 Non
540 3309 629 3364 16616
643 3300 683 3362 de
703 3305 822 3362 nostrae
838 3298 1010 3361 voluntatis
1033 3299 1178 3361 libertate
1195 3299 1389 3378 iudicavisse
1411 3302 1526 3363 Socra-

412 3427 478 3483 tem
494 3419 655 3481 luculente
673 3417 819 3495 exposuit
838 3415 876 3476 Α.
900 3414 1083 3491 Fouillee⁶3
1105 3432 1179 3493 quae
1201 3432 1277 3478 vero
1303 3417 1387 3478 illius
1410 3419 1528 3480 erroris

414 3553 511 3600 causa
524 3535 618 3596 fuerit
641 3533 732 3595 nohis
753 3549 841 3600 nunc
864 3538 1006 3611 apparet.
1023 3531 1148 3594 Etenim
1167 3532 1255 3594 nullo
1276 3533 1418 3595 validiori
1433 3552 1527 3612 argu-

415 3658 525 3716 mento
539 3653 679 3712 humana
691 3650 821 3711 libertas
835 3649 1074 3711 demonstratur
1088 3665 1185 3727 quam
1197 3665 1235 3710 eo
1251 3650 1337 3728 quod
1348 3667 1387 3711 ex
1400 3653 1529 3713 moralis

415 3771 496 3850 legis
515 3765 710 3829 ineluctabili
732 3764 919 3828 auctoritate
938 3765 1071 3827 Kantius
1094 3765 1188 3826 traxit
1212 3767 1319 3827 :hano
1334 3759 1410 3845 ergo
1431 3786 1529 3847 quum

415 3888 563 3949 Socrates
585 3884 791 3962 igonraverit,
816 3898 881 3943 non
905 3887 954 3943 est
982 3897 1040 3942 cur
1061 3881 1215 3943 miremur
1238 3883 1265 3943 si
1287 3882 1374 3943 illam
1399 3885 1530 3945 minime

415 4001 623 4083 perspexerit.

447 4199 469 4244 l.
486 4193 598 4251 Seneca,
616 4190 714 4254 Epist,
731 4187 770 4238 89.

448 4265 471 4314 1.
487 4266 516 4314 Α.
533 4262 662 4324 Fouillee,
679 4259 855 4321 Philosophia
871 4261 903 4309 de
917 4259 1038 4311 Socrate.

447 4335 581 4395 6161161,
599 4348 628 4397 p.
647 4331 693 4383 136
708 4330 786 4396 (109).
811 4330 860 4380 1116
877 4331 997 4380 leitende
1014 4331 1079 4381 11166
1096 4330 1187 4380 661661
1201 4330 1286 4380 Μ6161
1300 4330 1338 4380 161
1354 4331 1474 4394 weniger
1487 4333 1532 4384 die

417 4407 537 4459 sittliche
554 4406 689 4466 Reinheit,
707 4404 749 4453 als
767 4403 812 4453 die
829 4403 945 4465 geistige
960 4403 1081 4454 Freiheit
1097 4404 1146 4454 der
1160 4403 1319 4453 Mensohen.

447 4478 470 4528 l.
486 4479 518 4528 Α.
536 4475 665 4538 Fouillee,
679 4475 804 4526 Platonis
820 4474 937 4540 Hippius
953 4474 1056 4526 Minor.
