3544 5468
553 659 603 710 DE
623 657 807 711 Pnaroltls
829 658 1053 713 emortuom
1323 647 1364 709 45

241 782 329 864 quod
346 779 439 844 nullo
453 779 595 844 Socratis
609 779 711 842 verbo
730 778 900 858 approbari
917 795 1014 858 posse
1030 779 1234 856 arbitramur,
1254 797 1355 862 quum

242 906 355 965 contra
368 898 445 980 quid
455 897 541 961 illius
555 896 662 977 opinio
675 895 756 960 ferat
769 895 938 960 manifesto
952 903 1117 979 appareat.

280 1018 307 1079 Ι.
327 1017 484 1079 Virtutem
498 1032 563 1077 non
581 1029 680 1077 unam
699 1031 739 1077 ex
757 1013 910 1106 scientiis,
926 1013 985 1078 sed
998 1015 1166 1079 scientiam
1180 1031 1253 1078 esse
1266 1016 1356 1080 dixit.

241 1168 282 1182 —
302 1130 579 1208 Quemadmodum
598 1131 695 1210 igitur
719 1131 755 1192 in
775 1130 871 1193 variis
894 1131 1065 1194 virtutibus
1085 1132 1170 1196 inest
1187 1148 1360 1196 commune

242 1251 371 1332 aliquid,
385 1251 430 1312 ita
443 1253 479 1311 ut
492 1249 556 1310 boc
569 1247 631 1309 illis
643 1250 797 1311 virtutum
817 1265 936 1310 nomen
956 1249 1111 1324 conterat,
1126 1265 1192 1314 non
1209 1250 1288 1313 illud
1302 1250 1362 1332 pei·

243 1367 330 1446 quod
346 1366 430 1428 inter
443 1381 480 1426 se
493 1363 651 1438 differant,
667 1363 731 1426 hoc
750 1379 827 1427 vero
845 1381 947 1427 unum
963 1365 1089 1428 virtutis
1108 1367 1238 1430 nominc
1252 1384 1312 1446 per
1324 1384 1361 1432 se

241 1484 372 1564 dignum
386 1483 427 1545 sit
443 1499 451 1544 :
468 1481 516 1546 sic
526 1483 561 1543 in
571 1481 721 1544 omnibus
733 1482 887 1560 scientiis,
903 1483 1130 1546 diversissimis
1143 1484 1230 1561 licet,
1241 1485 1360 1565 aliquid

242 1599 465 1680 deprehendas
484 1598 571 1679 quod
588 1615 719 1680 semper
736 1616 848 1676 unum,
869 1600 955 1662 idem
973 1584 1143 1681 totumque¹
1158 1601 1210 1664 sit.
1226 1602 1318 1676 Quod
1332 1603 1361 1664 si

244 1718 415 1796 unicuique
434 1718 542 1780 locum
558 1717 644 1780 inter
664 1718 815 1780 scientias
833 1718 1014 1794 tribuimus,
1032 1719 1066 1782 id
1085 1736 1188 1784 unum
1211 1727 1357 1801 praestat,

242 1853 309 1900 non
323 1836 402 1898 illud
419 1852 479 1916 per
493 1835 580 1916 quod
592 1836 677 1898 inter
690 1853 727 1899 se
746 1836 942 1918 discrepant,
958 1838 1044 1918 qu'od
1061 1839 1148 1901 aliud
1161 1839 1195 1900 in
1210 1841 1280 1902 aliis
1294 1844 1358 1919 est,

244 1954 330 2032 quod
346 1953 381 2015 in
402 1952 465 2016 bac
486 1953 582 2032 viget,
597 1953 632 2014 in
653 1953 708 2015 illa
728 1953 837 2017 delicit
853 1971 861 2016 ε
876 1955 911 2016 in
933 1971 973 2019 eo
991 1955 1087 2035 igitur
1104 1972 1170 2018 uno
1192 1956 1297 2019 omnis
1313 1957 1361 2019 ris

244 2071 387 2134 scientiae
400 2076 460 2133 est.

284 2191 345 2252 libi
358 2191 467 2270 itaque
480 2188 522 2251 de
534 2189 679 2251 scientiae
693 2195 808 2251 natura
823 2191 960 2268 quaestio
974 2197 1033 2267 est,
1049 2192 1171 2255 nullam
1185 2193 1279 2255 aliam
1292 2209 1362 2256 me-

244 2308 379 2370 thodum
392 2307 442 2370 vir
454 2307 662 2370 ratiocinandi
675 2308 797 2386 peritus
807 2307 983 2389 (διαλεκτικὸς
998 2307 1076 2392 ἀνὴρ)
1085 2309 1239 2373 adbibere
1252 2310 1362 2384 debet,

244 2441 342 2505 quam
357 2442 457 2504 quum
471 2424 512 2487 de
526 2424 642 2487 ceteris
655 2424 753 2487 rebus
767 2425 870 2503 agitur
884 2441 892 2486 :
908 2426 972 2489 hoc
981 2433 1089 2488 autem
1099 2427 1263 2505 perquiret
1276 2426 1364 2506 quod

243 2542 277 2604 in
298 2543 407 2606 multis
426 2557 556 2622 semper
573 2557 674 2603 unum
695 2547 728 2603 et
746 2540 832 2603 idem
850 2549 900 2604 est
912 2541 958 2621 (τὸ
971 2540 998 2602 ἓν
1012 2540 1055 2602 ἐπὶ
1070 2541 1193 2635 πολλοῖς)
1209 2563 1216 2604 :
1234 2559 1299 2622 quo
1311 2542 1365 2604 in-

244 2664 351 2736 vento,
368 2659 445 2738 quid
458 2675 578 2722 nomen
593 2658 736 2721 scientiae
747 2657 868 2721 indicet
881 2658 1086 2722 intellexerit.

285 2777 367 2839 Eum
385 2777 646 2838 mathematicum
665 2776 874 2856 appellamus,
890 2776 945 2857 qui
963 2775 1004 2838 de
1027 2775 1172 2837 numeris
1193 2791 1233 2837 ac
1252 2773 1364 2854 figuris

245 2909 322 2956 vera
339 2889 485 2956 idvenire
501 2894 563 2956 scit
584 2899 618 2956 et
636 2911 656 2956 a
673 2893 760 2955 falsis
779 2893 979 2973 dignoscere,
1000 2910 1075 2956 eum
1093 2892 1288 2972 astrologum
1308 2893 1364 2971 qui

246 3009 287 3072 de
300 3009 458 3073 sideribus
476 3010 617 3089 annique
634 3010 835 3089 temporibus
852 3027 929 3074 vera
946 3010 1090 3091 reperire
1107 3017 1140 3073 et
1157 3027 1176 3071 a
1195 3009 1282 3072 falsis
1295 3009 1363 3071 dis·

247 3143 393 3205 cernere,
408 3144 483 3191 eum
502 3127 662 3190 medicum
682 3127 738 3207 qui
761 3127 802 3190 de
819 3128 940 3190 morbis
958 3143 1137 3206 eorumque
1153 3133 1223 3189 tum
1241 3126 1361 3201 causis,

247 3250 315 3307 tum
329 3243 479 3308 remediis
490 3260 569 3307 vera
580 3237 723 3323 reperire
737 3249 770 3307 et
783 3261 802 3306 a
814 3243 903 3306 falsis
917 3243 1112 3324 distinguere
1125 3248 1242 3322 potest.

288 3361 332 3424 Ut
342 3361 439 3441 igitur
449 3361 691 3439 concludamus,
707 3377 783 3424 eum
798 3361 883 3423 scire
899 3360 1037 3423 dicimus
1050 3359 1106 3438 qui
1123 3375 1237 3422 rerum
1251 3375 1366 3423 eruere

251 3485 315 3543 eta
327 3478 406 3541 laiso
424 3478 598 3572 dijudicare
615 3478 712 3557 valet,
728 3494 835 3559 neque
852 3477 938 3540 aliud
956 3476 1019 3540 nisi
1036 3476 1116 3540 recti
1134 3475 1365 3558 exercitatione

250 3595 368 3676 ingenii
382 3611 517 3659 acumen
530 3595 665 3658 scientia
678 3601 738 3658 est.

290 3713 373 3776 Eum
394 3711 489 3775 nobis
516 3711 616 3775 finem
638 3726 819 3792 proponere
843 3711 1016 3787 debemus,
1040 3711 1075 3774 id
1095 3710 1228 3792 dignum
1253 3716 1304 3775 cst
1324 3709 1366 3773 ad

252 3830 339 3912 quod
351 3836 480 3911 tempus
492 3829 698 3910 studiumque
715 3837 863 3893 nostrum
875 3829 1116 3910 impendamus,
1132 3836 1169 3893 ut
1181 3829 1288 3894 omnia
1300 3844 1371 3893 me·

252 3946 315 4012 lius
327 3947 560 4028 intelligamus,
576 3946 761 4027 rectiusque
777 3946 972 4027 indicemus,
991 3963 1057 4010 non
1076 3953 1114 4011 ut
1132 3948 1196 4011 hoc
1217 3947 1270 4011 vel
1289 3945 1369 4010 illud

253 4065 468 4128 didicerimus.
483 4064 635 4128 Nonnulli
651 4065 735 4128 male
748 4065 810 4127 sibi
823 4071 972 4128 constare
990 4064 1157 4128 Socratem
1170 4064 1371 4144 scripserunt

254 4198 355 4262 quum
372 4180 450 4245 hinc
468 4187 594 4244 tantum
612 4181 757 4244 scientie
769 4181 942 4260 tribueret,
956 4179 1044 4245 illinc
1062 4180 1239 4258 discipulos
1257 4195 1335 4243 suos
1352 4196 1372 4242 a

253 4299 461 4362 scientiarum
485 4298 591 4362 studio
613 4297 778 4363 deterrere
800 4304 994 4390 conaretur:
1018 4297 1104 4379 quod
1127 4297 1222 4361 nobis
1240 4295 1372 4360 minime

253 4416 371 4480 mirum
385 4414 524 4489 videtur,
534 4415 590 4495 qui
603 4432 668 4480 uon
683 4415 771 4478 idem
784 4415 894 4480 valere
907 4416 993 4496 apud
1008 4431 1083 4480 eum
1098 4413 1243 4480 scientiae
1255 4431 1374 4479 nomen
