3544 5468
868 1743 1014 1820 CAPUT
1038 1745 1085 1822 lv

811 2042 856 2090 DE
883 2043 964 2092 BONI
994 2041 1147 2092 sumtum

421 2289 443 2341 1.
461 2288 613 2342 scientiam
633 2289 762 2341 Socrates
780 2289 850 2340 nihil
868 2288 945 2340 aliud
963 2293 1045 2342 vocat
1060 2288 1117 2340 nisi
1132 2291 1203 2342 recti
1218 2290 1418 2356 exercitatione
1438 2294 1543 2359 ingenii

450 2376 579 2414 acumen.
596 2389 626 2402 -
640 2361 674 2414 11.
689 2361 769 2413 Unde
782 2361 831 2412 flat
846 2367 878 2412 ut
892 2360 961 2412 nulli
977 2361 1039 2412 talis
1057 2361 1183 2414 scientias
1199 2363 1325 2427 magistri
1341 2364 1489 2418 exsistant.
1507 2396 1537 2406 -

452 2432 501 2483 111.
515 2431 597 2483 Falsa
609 2445 660 2483 nos
673 2431 709 2482 de
722 2429 795 2482 bono
808 2431 936 2498 maloque
947 2430 1053 2494 judicia
1066 2444 1207 2498 nunquam
1222 2431 1302 2494 ferre,
1315 2434 1363 2484 uhi
1377 2447 1439 2486 eam
1453 2436 1542 2491 scien-

454 2506 521 2556 tiam
537 2503 630 2568 adepti
643 2503 742 2556 simus.

462 2744 554 2817 Quod
568 2760 668 2824 quum
688 2743 732 2807 ita
749 2761 786 2808 se
803 2744 920 2807 habeat
935 2744 1018 2807 male
1033 2761 1129 2824 agere
1148 2761 1256 2824 neque
1273 2746 1409 2807 libentes
1431 2761 1537 2825 neque

423 2861 512 2922 inviti
536 2877 724 2938 possumne,
746 2860 802 2922 ubi
820 2861 896 2940 quid
918 2861 1041 2924 bonum
1066 2862 1106 2923 sit
1127 2862 1345 2942 intelligimus;
1368 2878 1532 2941 nunquam

420 2977 517 3055 igitur
537 2976 621 3038 male
640 2993 783 3055 agemus,
798 2976 949 3040 virtutem
963 2994 1093 3056 semper
1112 2978 1256 3040 colemus
1276 2980 1304 3040 si
1325 2978 1404 3057 quid
1417 2976 1537 3040 bonum

421 3093 463 3155 sit
482 3109 611 3170 semper
629 3108 873 3172 cognoscemus,
887 3093 921 3154 id
941 3099 990 3155 est
1014 3094 1041 3153 si
1064 3094 1140 3155 boni
1162 3095 1298 3156 scientia
1321 3111 1450 3173 semper
1472 3093 1541 3154 ins·

420 3217 576 3274 truamur.
594 3210 738 3283 Quanam
758 3225 836 3272 vero
858 3226 898 3271 ex
919 3225 954 3272 re
977 3216 1102 3272 constet
1125 3211 1324 3286 saeuientis,
1342 3226 1441 3288 quam
1466 3210 1543 3272 tanti

420 3324 528 3388 tacere
541 3324 727 3399 debeamus,
743 3323 874 3385 minime
887 3321 1067 3402 significare
1081 3322 1231 3385 Socrates
1246 3323 1372 3385 videtur
1382 3322 1407 3382 ¹.

461 3439 578 3504 Multos
601 3440 697 3503 etiam
721 3438 853 3518 exejus
876 3439 1054 3518 aequalibus
1077 3440 1121 3500 ita
1139 3437 1332 3517 Judicavisse
1352 3438 1469 3502 indicio
1493 3446 1543 3502 est

420 3558 535 3622 incerti
549 3556 688 3620 auctoris
705 3555 849 3636 Otitopho
860 3554 914 3617 ubi
922 3555 1002 3618 illud
1014 3555 1098 3617 inter
1108 3555 1169 3617 alia
1179 3535 1303 3618 Socrati
1313 3556 1537 3634 exprobratur.

420 3677 532 3754 Neque
546 3674 662 3737 desunt
675 3673 758 3735 inter
773 3671 968 3736 recentiores
986 3677 1256 3734 commentatores
1269 3673 1324 3750 qui
1339 3671 1374 3733 in
1389 3673 1539 3736 eamdem

421 3791 611 3856 sententiam
628 3788 791 3852 veniant².
807 3789 878 3865 Atii,
896 3788 979 3851 inter
997 3805 1079 3868 quos
1102 3788 1139 3849 A.
1160 3785 1299 3850 Fouillee
1319 3788 1542 3852 numerandus

423 3915 484 3988 est,
501 3909 541 3972 de
555 3904 679 3970 Summi
693 3906 773 3968 Boni
786 3905 918 3968 scientia
936 3905 1000 3968 hoc
1013 3903 1253 3984 intelligendum
1269 3921 1342 3967 esse
1359 3911 1540 3982 autumant,

455 4105 615 4170 1.Prota9.‚
632 4103 678 4156 357
694 4105 722 4157 b.
744 4103 796 4168 ἥτις
814 4105 855 4172 μὲν
871 4107 950 4157 τοίνυν
968 4105 1041 4171 τέχνη
1062 4104 1104 4154 καὶ
1123 4099 1245 4168 ἐπιστήμη
1266 4097 1330 4154 ἐστὶν
1348 4101 1418 4167 αὕτη,
1437 4097 1542 4164 εἰσαῦθις

369 4181 371 4185 ’
422 4177 573 4241 σκεψόμεθα.
590 4174 679 4236 Quam
695 4187 754 4226 rem
769 4188 911 4238 nunquam
926 4175 1029 4238 attigit.

455 4245 479 4294 2.
493 4244 587 4305 zellen,
606 4259 635 4307 p.
657 4243 703 4295 123
718 4243 796 4308 (tot).
817 4243 877 4296 Von
893 4244 1013 4294 welcher
1027 4244 1075 4293 Art
1091 4242 1158 4294 abar
1172 4242 1223 4292 das
1240 4240 1353 4293 Wissen
1370 4240 1417 4304 ist,
1434 4242 1464 4293 in
1479 4243 1543 4294 dem

421 4317 467 4368 die
479 4316 592 4380 Tugend
605 4315 726 4377 besteht,
738 4315 773 4366 ob
787 4314 832 4365 cin
846 4313 1132 4378 erfahruugmassiges
1146 4311 1213 4364 oder
1229 4313 1276 4362 ein
1290 4311 1491 4376 spermatum,
1507 4315 1542 4365 oh

421 4385 467 4436 ein
482 4383 542 4433 rein
562 4383 764 4436 theoretisches
780 4383 846 4434 oder
868 4383 914 4434 ein
932 4381 1118 4448 promiscuas,
1140 4381 1218 4434 dtess
1239 4380 1288 4433 hat
1308 4379 1441 4435 Sokratea
1461 4383 1541 4435 ollem

421 4454 495 4509 uach
509 4453 582 4508 noch
597 4468 646 4521 gar
657 4454 734 4508 nicht
749 4454 891 4522 gamages.
