3544 5468
390 641 430 704 40
823 653 873 706 DE
893 654 1076 709 PLATONIS

395 780 510 840 cerunt
531 780 564 838 et
585 773 772 836 memoriter
793 772 1007 854 pronunciare
1028 781 1178 857 possunt3
1204 791 1303 854 quum
1329 791 1407 840 vero
1429 777 1507 847 doc,-

395 893 490 957 trinae
503 889 766 972 significationem
780 875 975 970 perspicere,
991 890 1241 958 ratiocinationis
1250 891 1316 956 vim
1330 890 1507 973 intelligere

396 1015 570 1089 nequeant,
586 1024 645 1071 cur
657 1021 746 1070 verae
761 1008 825 1070 sint
843 1007 932 1089 leges
952 1024 1032 1089 quas
1052 1025 1111 1089 pro
1131 1009 1217 1072 veris
1238 1009 1398 1090 accipiant
1416 1010 1507 1092 igno·

397 1131 484 1203 rent,
507 1139 618 1189 earum
640 1122 761 1187 nullam
780 1123 937 1187 rationem
960 1125 1107 1203 reddere,
1130 1141 1187 1188 eas
1211 1126 1300 1189 nullo
1321 1135 1508 1206 argumento

396 1241 569 1307 defendere
589 1241 725 1315 valeant,
741 1239 774 1303 in
795 1240 935 1322 physicis
957 1240 1205 1322 haudquaquam
1224 1241 1309 1304 docti
1332 1248 1459 1321 suntet
1478 1240 1510 1305 in

396 1358 602 1442 gravissimos
625 1373 713 1438 saepe
736 1371 863 1420 errores
882 1357 1052 1420 levissimis
1078 1358 1184 1420 causis
1206 1356 1391 1422 trahuntur.
1419 1359 1510 1434 Quod

395 1484 430 1541 et
452 1476 493 1539 de
516 1474 629 1538 morali
655 1473 788 1536 scientia
813 1473 922 1536 verius
944 1473 1039 1536 etiam
1061 1473 1125 1537 dici
1147 1479 1262 1555 potest.
1287 1474 1370 1549 Quid
1388 1476 1508 1539 bonum

397 1595 440 1657 sit
461 1593 582 1673 optime
603 1608 663 1654 nos
686 1590 769 1654 scire
790 1606 980 1671 persuasum
1002 1590 1171 1665 babemus,
1191 1591 1247 1653 ubi
1270 1591 1417 1670 quaedam
1439 1608 1508 1672 me·

398 1709 499 1775 moria
524 1716 674 1772 tenemus
700 1713 864 1789 praecepta
893 1707 1011 1788 quibus
1038 1707 1140 1788 prima
1172 1706 1212 1770 ab
1240 1706 1371 1772 infantia
1398 1708 1510 1771 imbuti

396 1844 509 1892 sumus
524 1842 638 1906 quaeve
652 1841 692 1890 ex
705 1824 795 1886 libris
809 1824 1041 1905 excerpsimus,
1056 1830 1111 1886 aut
1125 1823 1180 1886 ubi
1195 1824 1369 1903 praeclaras
1383 1825 1510 1905 sapien·

399 1947 479 2010 rium
499 1943 642 2006 virorum
664 1940 839 2004 sententias
856 1939 890 2002 in
910 1939 1019 2019 lingua
1040 1938 1198 2002 babemus
1217 1939 1334 2019 quibus
1352 1939 1513 2004 orationes

398 2074 632 2137 sermonesque
653 2060 781 2119 nostros
803 2056 1013 2132 decoramus;
1036 2056 1091 2116 illa
1119 2071 1197 2119 vero
1223 2055 1390 2134 splendida
1417 2056 1514 2121 effata

400 2178 477 2240 dum
497 2173 678 2251 referimus,
694 2172 771 2266 aliis
795 2172 986 2251 plerumque
1012 2171 1256 2250 cogitationibus
1284 2179 1458 2251 occupatur
1482 2179 1514 2238 et

401 2293 561 2358 detinetur
583 2306 677 2352 mens
703 2296 829 2366 nostra;
854 2295 924 2350 tum
947 2304 1034 2366 erge,
1057 2288 1268 2367 psittacorum
1289 2305 1390 2360 more,
1413 2296 1449 2351 ut
1473 2290 1516 2352 aii

401 2409 609 2486 Leibnitzius‚
637 2407 737 2470 verba
763 2405 937 2468 recinimns
963 2403 1080 2484 quibus
1107 2404 1228 2466 nullam
1253 2405 1514 2483 significationem

400 2525 623 2603 conjungimus
637 2522 661 2584 ¹.
677 2521 760 2595 Quid
781 2522 896 2582 mirum
922 2520 949 2582 si
969 2520 1102 2584 meliora
1123 2520 1218 2582 etiam
1241 2520 1334 2582 nobis
1358 2522 1517 2585 contraria

400 2641 605 2724 postmodum
617 2638 718 2701 videri
730 2637 888 2717 possuntt
902 2637 963 2710 Qui
976 2637 1010 2698 in
1026 2637 1080 2699 iila
1099 2637 1215 2700 mentis
1237 2614 1418 2702 conditione
1440 2655 1515 2701 ver-

400 2764 523 2836 santur,
538 2773 595 2820 eos
608 2756 722 2835 procul
736 2754 833 2816 dubio
847 2754 948 2815 multa
962 2759 996 2815 ut
1011 2754 1095 2815 male
1113 2759 1209 2832 agant
1229 2752 1381 2816 continuo
1400 2755 1514 2843 impell-

400 2878 472 2941 lunt
487 2894 494 2937 :
512 2892 568 2938 eos
583 2872 752 2952 veroquid
769 2870 890 2934 bonum
909 2871 951 2932 sit
969 2871 1053 2933 scire
1075 2872 1262 2950 neutiquam
1280 2871 1513 2936 confitebimur.

439 2993 554 3055 Nonne
581 2996 689 3051 autem
719 2988 783 3049 hoc
807 2987 860 3050 vei
893 2987 1077 3050 doctissimo
1109 2988 1421 3070 prudentissimoque
1449 2991 1517 3053 viro

402 3108 547 3173 accidere
559 3111 665 3188 potest
678 3111 714 3167 ut
728 3121 825 3166 saevae
839 3105 1110 3183 vehementesque
1122 3105 1155 3166 in
1169 3122 1208 3169 eo
1224 3106 1408 3168 exoriantur
1423 3109 1516 3194 pupi-

401 3228 516 3288 ditates
534 3225 567 3284 in
587 3222 704 3302 quibus
724 3221 936 3300 reprimendis
962 3237 1076 3300 parum
1099 3221 1269 3301 proficiat?
1291 3221 1422 3285 Minime
1438 3241 1445 3284 ε
1463 3224 1518 3303 qni

432 3383 456 3434 1.
472 3379 607 3440 Leibnitz‚
624 3378 774 3428 Nouoccucc
790 3375 893 3438 Ertaia,
909 3390 935 3439 p.
955 3375 1012 3428 110.
1029 3375 1107 3428 Nous
1124 3390 1280 3440 supposons
1294 3381 1323 3427 et
1341 3391 1468 3442 orcynus,
1482 3392 1517 3429 ou

401 3453 490 3519 plutbt
504 3464 576 3502 nous
593 3450 715 3501 recitons
736 3448 900 3509 seulement,
914 3461 963 3502 sur
980 3449 1007 3498 la
1023 3448 1061 3500 toi
1074 3447 1194 3499 d'autrui
1207 3462 1243 3499 on
1264 3453 1324 3500 tout
1339 3463 1375 3499 an
1392 3449 1456 3512 plus
1472 3462 1520 3499 sur

400 3525 471 3576 celle
486 3524 521 3574 de
542 3523 568 3573 ia
587 3521 719 3572 memoire
740 3522 775 3571 de
796 3533 848 3570 nos
868 3521 1090 3570 raisonnements
1109 3521 1216 3582 pasees,
1236 3533 1290 3582 que
1307 3520 1333 3570 ie
1349 3520 1412 3583 plus
1433 3522 1518 3584 grand

401 3597 466 3647 bien
481 3599 525 3644 est
541 3593 612 3644 dans
632 3593 658 3641 le
679 3591 805 3642 meilleur
826 3591 897 3652 parti
921 3591 957 3654 (ia
974 3591 1065 3652 vertu)
1084 3603 1121 3640 ou
1140 3593 1165 3641 le
1186 3592 1250 3653 plus
1270 3592 1355 3653 grand
1376 3591 1520 3643 maidens

401 3668 510 3717 l'autre.
528 3691 557 3701 —
574 3665 611 3713 La
626 3676 726 3713 source
742 3663 779 3712 du
799 3674 853 3725 peu
872 3661 1064 3725 d'appiication
1084 3676 1138 3713 aux
1154 3663 1230 3712 vrais
1243 3662 1323 3712 biens
1340 3662 1415 3712 vient
1434 3662 1468 3713 de
1487 3676 1520 3714 ce

400 3752 455 3803 que
471 3738 541 3788 dans
555 3748 588 3787 ce
604 3748 653 3785 cas
666 3734 693 3784 la
707 3734 815 3796 plupart
832 3734 866 3783 de
887 3747 938 3783 nos
954 3734 1071 3795 penedes
1090 3740 1154 3784 sont
1170 3735 1297 3795 sourdes,
1315 3733 1394 3784 vides
1408 3734 1443 3784 de
1458 3748 1520 3797 per-

401 3809 512 3873 ception
529 3813 557 3857 et
571 3808 606 3857 de
621 3805 771 3856 sentiment
785 3810 814 3855 et
829 3804 986 3855 consistent
1002 3806 1072 3855 dans
1087 3805 1210 3868 l’empioi
1224 3811 1285 3855 tout
1301 3818 1340 3855 nu
1357 3804 1408 3856 des
1426 3819 1521 3856 carae·
1610 3813 1614 3822 ’

402 3882 491 3943 teres3
502 3884 530 3930 et
545 3880 588 3930 les
601 3882 675 3928 mots
689 3877 747 3927 iont
761 3877 787 3926 le
801 3875 892 3926 meme
907 3876 973 3925 effet
986 3889 1022 3926 en
1036 3875 1096 3927 cela
1110 3890 1165 3938 qne
1178 3877 1220 3926 les
1236 3877 1392 3927 caracteres
1407 3877 1522 3927 d'aritb-

400 3953 525 4016 metique
538 3964 576 4001 ou
592 3948 730 4012 d’algebro
746 3963 752 3996 :
768 3959 805 3997 on
817 3947 947 3998 raisonne
960 3953 1077 3998 souvent
1091 3961 1126 3998 en
1138 3949 1246 4011 paroies
1260 3961 1326 3998 sans
1340 3949 1417 4004 avoir
1428 3947 1522 4011 i’objet

304 4044 306 4049 ·
401 4025 472 4075 dans
492 4023 607 4086 l’esprit.
631 4020 705 4070 C’est
721 4019 792 4070 ainai
816 4031 871 4081 que
895 4018 936 4068 les
959 4019 1086 4069 hommes
1101 4019 1127 4068 le
1146 4019 1209 4082 pius
1231 4024 1349 4070 souvent
1366 4021 1522 4083 'pensantia

401 4094 479 4154 Dian,
499 4093 558 4144 ila
575 4099 665 4152 verto,
682 4092 699 4141 d
715 4091 742 4140 la
760 4090 878 4148 felicite;
894 4090 929 4141 ils
949 4091 1055 4154 parient
1072 4096 1100 4139 et
1120 4091 1280 4140 raisonnent
1296 4104 1363 4141 sans
1376 4091 1455 4140 idees
1470 4103 1520 4140 ex-

400 4178 544 4229 presses...
561 4163 648 4223 Ainsi,
667 4162 692 4212 si
712 4174 784 4211 nous
806 4159 949 4224 preferons
971 4161 997 4210 le
1018 4160 1086 4224 pire,
1109 4162 1178 4211 c'est
1195 4173 1249 4224 que
1271 4174 1342 4212 nous
1364 4168 1479 4214 sentens
1494 4161 1521 4212 le

400 4235 464 4286 bien
485 4236 550 4298 qu’ii
567 4235 712 4295 renferme,
730 4244 796 4282 sans
814 4231 900 4280 sentir
916 4232 944 4280 ni
965 4232 993 4281 ie
1015 4230 1070 4281 mei
1092 4231 1214 4294 present,
1235 4231 1263 4281 ni
1284 4232 1310 4281 le
1325 4231 1390 4282 bien
1406 4231 1455 4296 qui
1476 4237 1520 4281 est

400 4308 471 4357 dans
489 4306 516 4359 le
537 4306 608 4370 parti
624 4304 792 4356 contraire...
814 4301 889 4352 C’est
912 4316 965 4366 pur
983 4303 1163 4366 psittacirme.
1182 4301 1251 4370 (Cite
1265 4316 1313 4370 par
1328 4303 1356 4353 P.
1377 4303 1466 4364 tanet,
1481 4302 1521 4357 La

397 4376 513 4442 Merula,
528 4377 576 4428 liv.
592 4377 641 4440 111,
655 4377 699 4428 ch.
715 4385 799 4438 v1,p.
819 4370 893 4433 480.)
928 4424 930 4430 ,
