3544 5468
415 689 456 752 30
848 699 897 750 DE
919 695 1102 752 petrolus

415 823 480 887 boc
498 822 591 886 nobis
610 820 715 901 placet
732 818 912 884 Aristotelis
932 819 1039 898 opinio
1062 835 1070 882 :
1096 819 1316 900 ‹Expetimus
1337 823 1439 904 mame
1458 825 1533 906 quia

415 942 586 1022 pulchrum
600 939 738 1016 videtur,
755 955 851 1018 quam
866 938 1037 1018 pulchrum
1052 938 1178 1002 videtur
1192 939 1267 1018 quia
1281 942 1461 1020 expetimus
1474 943 1498 1005 ¹.
1515 965 1530 1000 u

414 1057 476 1120 Ubi
504 1057 590 1121 enim
621 1053 748 1119 cuidam
776 1055 824 1118 rei
851 1054 970 1133 aliquid
999 1054 1076 1117 boni
1101 1055 1209 1118 inesse
1237 1056 1530 1135 animadvertimus,

415 1191 487 1238 eom
510 1191 577 1237 non
600 1173 731 1252 diligere
753 1171 947 1252 nequimus3
976 1187 1082 1251 neque
1104 1173 1165 1234 alie
1188 1187 1284 1236 causa
1310 1172 1360 1238 est
1382 1193 1441 1238 cur
1461 1176 1532 1240 haec

414 1293 467 1355 vel
480 1291 534 1353 illa
548 1305 708 1366 amemus,
726 1305 823 1369 quam
837 1283 923 1367 quod
937 1288 1022 1351 bona
1041 1305 1113 1351 esse
1133 1303 1171 1350 aa
1190 1290 1350 1353 credimus
1365 1309 1374 1354 ε
1390 1293 1532 1356 diversas

415 1406 545 1472 tandem
563 1423 616 1469 res
636 1407 737 1484 pluris
764 1404 936 1468 minorisve
958 1404 1093 1468 tacimus
1115 1413 1211 1486 prout
1231 1405 1308 1468 boni
1330 1408 1403 1486 plue
1428 1410 1533 1473 minus

411 1524 533 1588 habere
546 1529 699 1604 putantur
714 1521 737 1584 ².
753 1521 930 1584 Nonnuilos
942 1522 1056 1600 procul
1069 1520 1166 1584 dnbio
1182 1523 1328 1585 homines
1340 1541 1431 1604 saepe
1444 1541 1532 1588 ama-

413 1659 496 1720 mus,
509 1655 589 1720 quos
598 1637 708 1702 multis
722 1638 805 1700 vitiis
821 1637 1029 1701 contaminari
1041 1653 1105 1700 non
1118 1639 1303 1718 ignoramus
1318 1641 1375 1703 sed
1386 1642 1531 1720 pluribus

409 1757 483 1820 illos
497 1755 669 1819 virtutibus
690 1755 797 1817 ornari
821 1767 1010 1834 persuasum
1034 1753 1202 1818 hebernus.
1224 1753 1319 1820 Nullo
1343 1761 1436 1834 pacto
1460 1757 1531 1820 fieri

410 1879 516 1954 potest
536 1880 572 1936 ut
590 1872 675 1936 eliud
689 1871 804 1935 melius
819 1886 891 1934 esse
908 1871 1101 1951 judicemus,
1120 1869 1207 1933 alind
1225 1872 1327 1952 magis
1347 1873 1526 1954 diligamus,

408 2007 515 2070 neque
525 1990 610 2052 aliud
620 2005 760 2069 unquam
772 1988 955 2068 appetimus
964 2003 1061 2068 quam
1073 1987 1159 2067 quod
1168 1988 1324 2068 optimum
1331 1990 1525 2069 judicamus.

398 2093 454 2170 'Ex
472 2123 512 2170 eo
530 2107 600 2188 ipso
616 2106 736 2186 judicio
758 2120 822 2184 quo
836 2104 955 2166 bonam
975 2119 1047 2166 esse
1067 2119 1137 2165 rem
1156 2106 1382 2184 cognoscimus
1401 2113 1433 2170 et
1451 2125 1527 2187 pro·

408 2225 605 2301 nuntiamus,
615 2223 706 2286 arnor
722 2220 840 2297 obitum
858 2220 912 2283 ubi
925 2221 1043 2283 bonam
1059 2235 1131 2283 esse
1145 2219 1229 2283 hano
1243 2221 1357 2301 agendi
1370 2223 1527 2287 rationem

403 2342 597 2423 iudicamus,
614 2339 654 2402 ad
667 2355 738 2402 eam
760 2337 933 2402 ineundam
953 2350 1080 2400 summa
1096 2337 1129 2400 ri
1150 2335 1342 2400 inclinamur
1360 2346 1392 2402 et
1409 2341 1526 2420 impel-

406 2460 503 2523 limur
517 2457 541 2536 ⁸,
557 2471 665 2538 neque
682 2455 768 2519 aliud
782 2461 832 2519 est
850 2455 938 2535 quod
952 2471 1012 2517 nos
1031 2453 1207 2534 majoribus
1219 2455 1381 2520 illecebris
1398 2457 1528 2522 trabere

406 2577 517 2660 possit.

444 2693 560 2756 Fateor
586 2689 735 2770 equidem
758 2687 835 2768 quid
855 2687 915 2750 sibi
939 2685 1038 2752 veiint
1058 2685 1131 2750 haec
1151 2686 1250 2752 verba
1280 2691 1402 2754 umale
1428 2707 1525 2772 apere

405 2804 518 2870 vellen
535 2801 612 2866 mihi
626 2804 658 2864 in
673 2808 814 2864 mentem
828 2799 938 2863 venire
950 2814 1017 2862 non
1032 2815 1138 2878 posse.
1158 2799 1231 2864 Non
1250 2817 1289 2864 ee
1309 2802 1395 2864 enim
1409 2804 1523 2867 volun-

405 2919 462 2983 tati
474 2923 594 2981 nostrae
613 2921 728 3001 nature
745 2919 795 2977 est
814 2919 850 2976 ut
868 2913 938 2975 sine
957 2919 1169 2992 caussaeque
1188 2912 1395 2978 incitamento
1415 2917 1523 2980 consi·

404 3035 482 3098 lium
504 3049 620 3113 capere
643 3034 752 3111 queat.
772 3028 861 3093 Inter
884 3028 1060 3092 contrarias
1083 3028 1198 3108 egendi
1220 3028 1362 3093 rationes
1381 3032 1522 3096 medium

405 3157 502 3231 atque
515 3160 667 3212 securum
681 3145 848 3209 arbitrium
866 3145 1008 3207 humano
1026 3144 1154 3224 ingenio
1173 3144 1298 3225 concipi
1320 3162 1386 3210 non
1403 3153 1520 3228 potest.

403 3267 535 3344 Quoties
547 3270 660 3329 contre
671 3262 734 3326 hoc
744 3263 795 3325 vel
810 3261 889 3324 iilud
901 3277 996 3342 agere
1006 3261 1100 3325 nobis
1113 3262 1253 3325 occurrit
1267 3261 1308 3325 ad
1320 3263 1520 3330 euadendum

402 3381 717 3460 dissuadendumque
731 3378 831 3442 multa
845 3393 883 3441 ac
897 3377 985 3441 varia
1003 3383 1203 3456 consurgunt
1216 3378 1331 3444 studia.

432 3583 455 3630 i.
470 3579 564 3641 Arist„
578 3577 777 3640 Merept.,xt1,
793 3589 842 3638 vu,
857 3575 917 3629 tuit
929 3591 955 3638 α,
965 3575 1006 3634 29.
1022 3571 1160 3644 ὂρεγὸμεθα
1174 3575 1200 3628 δὲ
1211 3578 1271 3628 dieu
1286 3577 1362 3629 καλὸν
1376 3580 1443 3630 δοκεῖ
1456 3581 1518 3645 μαλ-

399 3647 470 3714 λονῆ
486 3653 553 3702 δοκεῖ
569 3652 628 3701 diost
646 3646 788 3717 ὀρεγόμεθα.
1176 3687 1181 3698 .

429 3721 453 3774 2.
470 3721 597 3787 Spinoza,
611 3721 651 3770 De
664 3720 727 3779 Deo,
741 3720 860 3772 Homine
876 3726 902 3771 et
917 3719 1093 3770 Beotitudiae
1109 3719 1192 3780 (trad.
1214 3720 1245 3770 P.
1265 3719 1365 3784 sanet),
1385 3735 1449 3786 pars
1468 3722 1516 3783 111,

398 3807 459 3859 cep.
476 3805 516 3844 ιν.
535 3793 662 3845 L’amour
677 3793 735 3843 nait
755 3792 827 3844 donc
843 3793 878 3844 de
896 3794 924 3842 le
942 3791 1162 3857 representation
1179 3796 1207 3843 et
1223 3792 1258 3843 de
1273 3791 1300 3842 la
1315 3793 1516 3845 connaissance

397 3878 452 3930 que
468 3878 539 3916 nous
556 3878 643 3917 avons
657 3863 721 3915 d'un
734 3864 819 3928 objet;
835 3869 863 3914 et
875 3863 938 3928 plns
952 3863 1046 3928 l'objet
1060 3876 1092 3914 se
1104 3868 1212 3916 mentre
1224 3863 1310 3927 grand
1324 3869 1353 3914 et
1365 3865 1514 3930 imposant,

396 3936 460 4002 plus
479 3935 594 3987 l'amour
610 3939 654 3987 est
668 3936 754 3999 grand
771 3938 799 3986 et
816 3937 956 4000 imposant
972 3948 1007 3985 en
1024 3937 1107 3986 nous.
1123 3961 1152 3972 -
1164 3934 1232 3999 Cap.
1253 3943 1279 3986 v.
1295 3935 1372 3987 Nous
1388 3949 1513 4000 ponvons

395 4019 468 4060 nous
482 4005 630 4060 affrancbir
643 4008 679 4058 de
695 4007 811 4058 l'amour
826 4007 862 4057 de
877 4008 951 4058 deux
965 4007 1104 4058 manieres
1119 4027 1125 4056 ι
1142 4019 1178 4057 ou
1195 4006 1259 4058 bien
1275 4019 1325 4072 par
1340 4007 1367 4058 la
1382 4008 1513 4060 connais-

395 4094 480 4132 sance
496 4081 578 4132 d'une
592 4080 678 4131 chose
693 4078 846 4141 meilleure,
859 4092 896 4129 ou
907 4079 971 4130 bien
986 4092 1035 4142 per
1045 4078 1229 4141 l'experienoe
1244 4080 1292 4144 qui
1304 4092 1376 4131 nous
1387 4080 1512 4143 apprend

395 4165 450 4216 que
465 4150 558 4216 l’objet
571 4151 644 4203 aime
658 4164 713 4215 que
731 4160 804 4200 nous
815 4163 903 4200 avons
918 4150 976 4214 pris
987 4163 1057 4214 pour
1072 4149 1192 4213 quelque
1207 4151 1293 4203 chose
1300 4151 1336 4202 de
1345 4152 1430 4214 grand
1441 4155 1469 4202 et
1476 4151 1511 4202 de

361 4228 368 4244 ·
392 4221 560 4288 magniflque
571 4235 643 4274 nous
652 4225 766 4287 apperte
780 4218 923 4286 beaucoup
938 4222 974 4272 de
988 4222 1112 4283 douleur,
1123 4221 1158 4272 de
1171 4223 1253 4286 peine
1267 4225 1341 4275 etde.
1354 4223 1510 4287 demmsqe.

423 4291 447 4345 3.
465 4291 550 4356 Plato,
569 4293 659 4358 Gorq„
673 4292 721 4345 499
736 4307 760 4344 e.
782 4292 853 4345 ἕνεκα
866 4293 915 4361 γὰρ
931 4313 980 4345 που
993 4301 1041 4345 τῶν
1056 4288 1155 4359 ἀγαθῶν
1170 4292 1261 4348 ἅπανθ’
1271 4289 1329 4360 ἡμῖν
1344 4295 1410 4354 ἔδοξε
1426 4312 1509 4361 πρακ-

391 4368 446 4420 τέον
471 4363 569 4418 εἶναι...
587 4365 731 4424 retorsione
755 4365 859 4416 ἀπασῶν
881 4373 930 4416 τῶν
954 4367 1065 4433 πραξεών
1086 4359 1202 4430 τάγαθὸν,
1224 4361 1338 4420 κάκείνου
1358 4364 1438 4419 iteam
1461 4368 1509 4418 driu

391 4439 472 4492 πάντα
487 4435 565 4489 τᾶλλα
578 4439 725 4505 πράττεσθαι
741 4432 799 4488 ἀλλ’
813 4432 858 4488 οὐκ
872 4431 949 4488 ἐκεῖνο
964 4443 1012 4487 τῶν
1026 4435 1115 4488 ἄλλων.
