3544 5468
404 684 443 746 20
528 735 532 748 ,
837 695 885 746 on
906 694 1089 746 neironis

400 841 469 900 φατε
493 806 599 892 εἷναιὴ
612 820 661 878 est
681 831 756 894 ergo
780 831 839 876 sua
862 815 978 894 cuique
998 814 1107 878 virtuti
1126 813 1185 889 vis,
1203 829 1267 892 qua
1287 811 1446 891 designari
1463 811 1519 876 de·

399 935 492 1010 beat;
510 950 583 1012 quae
603 931 705 1012 qualis
723 932 764 994 sit
780 930 944 1011 quaeritnr.
965 931 1077 1012 Neque
1098 931 1139 995 de
1159 937 1226 994 tota
1243 929 1374 1009 iustitiae
1394 929 1517 994 tortitu-

402 1050 527 1114 dinisve
545 1056 659 1113 natura
675 1049 767 1112 nobis
788 1049 965 1111 curandum
984 1055 1043 1126 est,
1060 1047 1118 1112 sed
1137 1047 1338 1112 solummodo
1362 1054 1521 1128 quatenus

401 1168 487 1230 inter
512 1168 647 1230 virtutes
667 1168 774 1229 locum
798 1166 928 1228 habent.
949 1167 1054 1240 Quum
1080 1167 1165 1228 enim
1186 1165 1370 1245 complures
1391 1165 1521 1228 vivendi

402 1284 652 1348 consuetudines
675 1284 748 1360 sint,
774 1283 890 1363 quibus
913 1283 1067 1346 virtutum
1088 1300 1208 1346 nornen
1230 1283 1419 1360 tribuamus,
1446 1300 1521 1363 quae

350 1401 354 1412 '
401 1402 481 1464 solae
495 1401 599 1480 nobis,
616 1402 643 1463 si
661 1418 717 1464 eas
735 1417 920 1481 sequamur,
936 1401 1117 1464 felicitatem
1136 1401 1281 1479 afferant,
1302 1401 1370 1470 aliis
1386 1416 1449 1482 que
1465 1401 1523 1464 ho-

402 1517 561 1595 minibus,
591 1519 647 1582 uhi
675 1536 730 1582 eas
754 1518 879 1594 colant,
909 1524 1053 1580 nostram
1080 1519 1300 1581 assensionem
1328 1524 1522 1597 nostrasque

400 1634 513 1700 laudes
527 1635 707 1714 concilient,
720 1642 769 1698 est
783 1635 925 1714 prolecto
936 1635 969 1696 in
982 1635 1043 1696 illis
1052 1635 1203 1698 omnibus
1218 1652 1388 1698 commune
1400 1635 1520 1715 aliquid

403 1749 490 1829 quod
505 1751 578 1830 plus
597 1749 748 1829 ponderis
767 1747 878 1812 afferat
899 1748 1077 1828 majorique
1098 1749 1203 1811 studio
1227 1749 1459 1829 exquirendum
1478 1750 1522 1812 sit

401 1883 498 1948 quam
513 1885 587 1949 quae
603 1866 663 1928 alia
681 1866 714 1928 in
726 1865 795 1927 aliis
813 1865 1014 1944 objiciantur.
1036 1864 1125 1928 Siout
1146 1865 1234 1927 nullo
1257 1865 1352 1928 modo
1372 1866 1442 1929 lieri
1460 1884 1519 1947 po-

401 1989 465 2048 test
486 1990 520 2046 ut
539 1984 572 2046 id
590 1983 711 2046 bonurn
735 1983 879 2046 dicamus
902 1982 989 2062 quod
1012 1981 1097 2045 hono
1117 1983 1287 2045 adversum
1307 1983 1358 2059 sit,
1379 1983 1423 2046 ita
1441 2001 1522 2048 nun·

402 2119 498 2182 quam
521 2118 593 2164 eam
611 2101 762 2180 pietatem
785 2100 949 2176 dicemus,
971 2117 1045 2179 quae
1061 2100 1212 2179 justitiae,
1234 2102 1519 2182 temperantiamve

405 2235 475 2299 uuae
489 2217 661 2281 tortitudini
678 2217 837 2280 contraria
850 2218 902 2280 sit.

440 2337 514 2400 Non
534 2335 664 2400 easdem
682 2333 911 2411 fortitudinem,
927 2335 1181 2414 temperantiam,
1199 2335 1412 2414 prudentiam,
1426 2338 1521 2417 iusti-

330 2528 332 2536 ,
400 2457 490 2533 uam,
515 2453 651 2518 virtutes
674 2460 783 2516 tamen
811 2468 1003 2515 aesomnes
1031 2469 1103 2515 esse
1128 2451 1331 2515 manifestum
1358 2459 1416 2518 est.
1442 2455 1526 2529 Quid

402 2572 500 2653 ergo‘l
519 2572 635 2635 Utrum
658 2572 720 2635 hoc
743 2570 805 2632 illis
827 2569 982 2632 virtutum
1005 2570 1071 2631 vim
1095 2567 1186 2631 allent
1207 2568 1294 2648 quod
1314 2570 1431 2650 cuique
1450 2587 1525 2650 pro·
1566 2629 1569 2634 ,

404 2692 509 2772 prium
528 2696 593 2766 est,
615 2707 656 2752 an
678 2688 766 2768 quod
787 2686 936 2750 omnihus
957 2685 1148 2748 commune‘l
1163 2686 1209 2748 Ex
1232 2686 1358 2749 duobus
1380 2688 1527 2768 partibus

404 2810 530 2868 constat
557 2803 809 2882 uniusquusque
829 2799 1002 2880 descriptio
1030 2817 1166 2879 quarum
1195 2817 1260 2864 una
1287 2802 1350 2866 alia
1378 2803 1524 2879 aliarum,

404 2925 504 2986 altere
518 2921 631 2985 cadem
646 2919 789 3013 omnium
804 2923 852 2982 est
869 2933 877 2979 :
894 2917 979 2980 hano
998 2916 1100 2981 solam
1120 2935 1179 2998 pro
1198 2919 1325 2982 virtutis
1338 2920 1524 2984 definitione

405 3038 570 3117 suscipere
584 3036 739 3100 dehemus
749 3034 774 3095 ².

447 3155 607 3229 Quantam
630 3152 694 3216 vim
713 3151 829 3215 habeat
850 3152 904 3216 illa
925 3151 1066 3216 Socratis
1084 3154 1317 3233 argumentatio
1335 3155 1527 3236 Protagoras
1604 3240 1606 3246 ,

407 3271 539 3334 minime
566 3269 731 3356 intelligit,
767 3268 998 3349 fallacibusque
1025 3269 1278 3334 cavillationibus
1307 3273 1526 3337 adversarium

408 3404 503 3452 suurn
526 3387 573 3450 uti
598 3392 698 3462 ratus,
722 3385 996 3449 ratiocinationem
1020 3387 1090 3465 eius
1113 3386 1247 3449 irridere
1270 3392 1373 3451 tentat
1388 3389 1412 3450 ³.
1441 3387 1526 3450 ’aua

409 3505 510 3585 μέντοι,
526 3507 544 3578 ἢ
562 3501 626 3581 δ’ὃς,
639 3500 778 3585 προσέοικέ
793 3527 819 3563 τι
836 3506 854 3575 ἡ
875 3500 1024 3576 δικαιοσύνη
1043 3500 1172 3576 dorca-dra·
1192 3502 1239 3564 καὶ
1258 3502 1308 3588 γὰρ
1327 3477 1412 3566 ὁτιοῦν
1429 3511 1528 3591 ὁτῳοῦν

409 3620 535 3706 ἁμῃγέπῃ
553 3618 703 3705 προσέοικέ.
721 3616 815 3702 τὸγὰρ
834 3618 926 3680 λευκὸν
939 3622 978 3701 τῷ
997 3618 1091 3700 μέλανι
1109 3617 1179 3680 ἔστιν
1197 3618 1250 3703 ὅπῃ
1270 3620 1419 3705 προοέοιαέ,
1436 3623 1481 3685 καὶ
1498 3623 1530 3684 τὸ

410 3737 522 3821 σκλήρον
540 3740 578 3818 τῷ
594 3738 720 3818 μαλακῷ,
738 3734 784 3796 καὶ
799 3727 884 3796 τᾶλλ’
896 3735 914 3795 ἅ
928 3737 1002 3796 δοκεῖ
1015 3733 1192 3797 ἐναντιώτατα
1207 3727 1274 3798 εἶναι
1292 3739 1427 3814 ἀλλήλοις.
1444 3741 1497 3802 Καὶ
1513 3742 1530 3802 d

410 3853 472 3917 τότ’
486 3853 585 3939 ἔφαμεν
598 3850 644 3914 καὶ
658 3851 741 3927 ἄλλην
755 3850 864 3933 δύναμιν
877 3851 963 3934 ἔχειν,
977 3852 1023 3914 καὶ
1036 3855 1084 3914 οὐκ
1097 3843 1163 3915 εἶναι
1176 3852 1207 3915 τὸ
1219 3853 1307 3938 ἕτερον
1320 3848 1374 3917 οἷον
1386 3856 1418 3918 τὸ
1432 3857 1534 3942 gaspar,
1702 3899 1704 3904 ·

442 4022 469 4072 l.
487 4020 609 4084 Protop,
623 4019 671 4072 330
687 4020 711 4082 b,
729 4021 759 4071 d.

444 4092 468 4142 2.
487 4095 574 4155 Plato,
588 4093 676 4154 Metto,
696 4092 727 4142 72
746 4107 772 4142 c.
795 4091 819 4142 ἔν
837 4093 866 4158 γὲ
882 4112 904 4144 τι
924 4091 986 4152 εἶδος
1004 4089 1092 4145 ταύτὸν
1109 4091 1205 4146 ἅπασαι
1221 4095 1309 4162 ’έχουσι
1328 4096 1351 4146 dl
1369 4094 1382 4146 ὅ
1400 4090 1459 4147 εἰσιν
1476 4089 1534 4162 ἄρε-

414 4165 462 4226 ταὶ,
480 4159 513 4223 εἷς
528 4168 542 4216 d
559 4169 640 4223 καλῶς
656 4185 704 4216 που
719 4165 770 4230 ’ἔχει
784 4158 959 4229 &caenapum
974 4166 1016 4216 τὸν
1033 4160 1224 4232 ἀποκρινόμενον
1240 4173 1275 4234 τῷ
1290 4163 1440 4235 ἐρωτήσαντι
1457 4161 1534 4218 ἐκεῖνο

414 4240 534 4297 δηλῶσαι,
555 4235 568 4288 d
590 4236 705 4302 τυγχάνει
725 4234 790 4287 οὖσα
813 4230 916 4302 ἁρετὴ...
939 4235 1027 4297 Mene,
1049 4233 1082 4286 73
1101 4251 1124 4286 c.
1144 4237 1239 4296 Πάντες
1259 4237 1302 4305 ἄρ’
1317 4238 1340 4289 οἱ
1359 4237 1482 4305 ἅνθρωποι
1499 4243 1534 4304 τῷ

415 4304 480 4376 αὐτῷ
496 4308 581 4376 τρόπῷ
597 4303 685 4374 ἀγαθοί
701 4303 755 4359 εἱσι·
771 4314 819 4358 τῶν
836 4303 916 4358 αὐτῶν
929 4307 978 4375 γὰρ
994 4308 1107 4374 τυχόντες
1124 4303 1212 4374 ἁγαθοὶ
1225 4312 1355 4376 γίγνονται.
1372 4335 1401 4348 -
1419 4310 1456 4360 Cf.
1472 4321 1537 4374 quae

414 4377 448 4428 de
463 4377 574 4441 pietatis
589 4378 749 4429 definitione
766 4377 906 4439 dicuntur,
917 4377 1091 4444 Eotlryptro,
1107 4379 1123 4429 5
1136 4381 1165 4430 d.

444 4446 469 4500 3.
483 4448 607 4514 Pratum,
619 4447 664 4500 33t
678 4449 707 4500 d.
